2820 5332
444 646 607 688 raruvuur
636 645 830 690 astruente.
1105 625 1176 694 523

105 833 208 881 terata
237 815 277 879 ab
304 813 376 880 solo
405 815 626 883 Ambrosiauo
653 836 818 882 servetur:
852 834 904 896 ut,
942 821 968 882 si
993 818 1181 911 diligentius

99 932 264 1022 inquiras,
291 920 412 993 mirum
439 949 598 1020 quantum
624 932 836 996 imminuatur
862 955 976 997 eorum
1005 932 1179 1001 multitudo

102 1042 344 1135 exeutplorum,
369 1043 489 1133 quibus
516 1042 678 1110 creditum
706 1063 755 1111 est
778 1044 901 1138 vulgari
919 1045 1079 1137 loquendi
1100 1072 1180 1113 cou-

70 1205 72 1209 -
100 1157 285 1234 suetudine,
312 1154 447 1249 qualem
474 1157 647 1224 comoedia
673 1161 827 1238 imitatur,
854 1162 1045 1251 saepissime
1073 1163 1179 1228 iuter-

99 1274 243 1367 rogativa
287 1272 454 1337 enuntiata
498 1275 654 1339 orationis
690 1273 794 1340 somna
832 1300 897 1339 nou
947 1277 1180 1365 interrogativa

99 1391 181 1456 lieri.
217 1387 317 1456 Vnde
335 1386 557 1478 plurimorum
586 1415 739 1455 versuum
768 1390 924 1457 iudicatio
952 1391 1086 1482 pendet.
1136 1393 1182 1460 Vt

98 1531 205 1599 pauca
233 1503 390 1570 smaltis
416 1501 546 1567 afferam
575 1521 607 1568 et
632 1507 663 1570 in
687 1506 758 1597 ipsa
776 1507 973 1572 Trinummo
996 1507 1180 1588 subsistam,

98 1624 134 1687 in
160 1621 203 1698 ll,
231 1623 262 1697 2,
290 1621 334 1686 75
375 1643 416 1683 ex
446 1619 671 1685 Ambrosiauo
706 1625 780 1686 scin
819 1620 902 1713 quid
932 1625 1071 1686 contari
1092 1622 1180 1687 solet

98 1734 343 1804 restituendum
368 1757 431 1825 pro
457 1737 541 1811 scis,¹
564 1734 688 1799 ibidem
714 1762 742 1800 v.
768 1738 814 1805 85
841 1739 934 1828 φαίη*
960 1739 1106 1804 comedit
1129 1742 1180 1803 in.

100 1851 214 1919 didem
238 1847 470 1941 recipiendum
497 1873 557 1939 pro
581 1854 655 1942 pui5
678 1852 720 1929 ll,
744 1850 780 1931 4,
810 1854 879 1923 114
905 1853 983 1921 Tibi
1006 1851 1097 1946 ego'n
1121 1879 1180 1919 ra-

102 1971 230 2033 tionem
263 1961 404 2031 riddam
437 1965 651 2033 scribendum
680 1991 743 2057 pro
769 1992 843 2057 ego.
895 1970 968 2035 Nec
1001 1988 1093 2035 recte
1120 1970 1179 2047 ΙΙΙ,

103 2086 136 2161 2,
167 2081 210 2150 16
244 2088 339 2148 itane
373 2087 408 2151 in
440 2088 491 2151 itu
522 2082 562 2148 ab
596 2082 787 2149 Hermanno
824 2103 1001 2169 mutatum3
1035 2111 1052 2150 a
1079 2103 1181 2177 poeta

100 2198 286 2291 profectum
315 2219 366 2266 est

215 2306 320 2384 'Itan'
346 2315 487 2382 tandem
511 2315 603 2382 tanc
625 2312 771 2381 maiores
786 2320 929 2401 faurum
954 2315 1177 2383 tradiderunt
1276 2335 1282 2346 ·

691 2409 742 2479 tui
768 2414 838 2479 tihi.

99 2529 182 2594 Nam
212 2526 267 2593 illa
292 2526 429 2620 quidem
458 2530 491 2592 η’
516 2527 626 2594 littera
654 2547 781 2595 constat
807 2530 1004 2621 positionem
1031 2554 1099 2597 non
1122 2530 1181 2596 fie-

100 2646 150 2724 ri3
173 2644 263 2708 laurac
285 2663 394 2708 autem
416 2645 555 2709 accessit
583 2668 623 2708 ex
649 2643 764 2709 Ambe.
779 2684 826 2696 -
844 2647 982 2710 Prorsus
1007 2647 1179 2713 obscurata

100 2759 314 2851 interrogatio
343 2778 392 2826 est
416 2760 459 2839 ll,
486 2761 519 2839 4,
549 2762 612 2839 18,
641 2760 697 2826 obi
722 2785 786 2853 pro
810 2742 939 2852 volgato
962 2765 1126 2851 accepisti
1145 2763 1180 2827 iu

98 2875 213 2939 Ambe.
243 2892 294 2940 est
318 2879 536 2967 accepistiue,
563 2900 625 2968 pro
653 2877 717 2941 boc
742 2893 850 2941 autem
878 2875 1094 2942 scribendum
1120 2901 1178 2942 ac-

101 2990 242 3082 cepstiu’
265 3017 340 3085 com
366 2991 556 3085 codemque
584 2990 701 3058 codice
727 2993 881 3083 proximo
910 3017 1010 3059 versu
1032 2995 1080 3058 sic
1107 3018 1180 3059 vcr-

100 3105 142 3170 ba
171 3104 385 3171 collocanda:

222 3242 275 3286 sr.
301 3219 421 3286 Miraris
447 3219 682 3313 qaiadraginta
707 3219 892 3313 u'ccepstin'
916 3246 940 3286 u
963 3221 1116 3298 Callicle,

221 3336 267 3401 Et
291 3336 346 3403 ille
372 3331 466 3402 ue'dis
492 3342 669 3429 ntartcupio
696 3337 757 3403 cibs
784 3355 817 3403 te
843 3338 994 3431 accepit?
1035 3361 1090 3406 ιε.
1113 3338 1177 3407 u'd-

692 3436 835 3504 modum.

100 3552 198 3617 Certa
235 3551 322 3616 enim
357 3548 540 3615 admodum
572 3551 733 3644 particula
760 3553 857 3620 sedes
881 3555 914 3619 in
940 3556 1181 3647 responsione,

99 3668 190 3732 nulla
216 3688 322 3733 autem
350 3666 486 3734 ollensio
521 3667 690 3734 molossici
719 3687 795 3762 post
818 3696 988 3736 caesuram
1015 3669 1176 3735 vocabuli.

100 3782 192 3860 Alia,
221 3784 262 3849 de
290 3784 410 3876 quibus
437 3808 502 3848 non
529 3802 641 3876 potest
664 3785 812 3850 breviter
839 3784 923 3863 dici,
949 3812 1038 3851 nuuc
1063 3787 1177 3852 omitto

99 3894 200 3991 atque
227 3898 306 3967 illuc
331 3898 444 3966 redeo.
503 3900 571 3966 Vbi
597 3927 625 3965 v.
651 3903 696 3970 ‘27
726 3917 759 3965 et
784 3901 831 3968 ‘28
854 3900 984 3992 pepulit
1009 3925 1072 3993 pro
1096 3928 1176 3995 per-

98 4016 205 4107 pulit,
238 4019 342 4080 servit
364 4041 427 4109 pro
450 4013 625 4088 servabit,
646 4014 805 4092 servibit,
830 4021 992 4092 servivit,
1018 4020 1095 4084 item
1121 4023 1176 4084 siu

54 4130 58 4135 ’
98 4135 216 4223 prosi
248 4154 331 4195 unus
358 4131 531 4197 confirmat
555 4130 803 4196 Ambrosianus.
865 4130 935 4199 Sed
964 4134 998 4198 in
1033 4134 1176 4201 eundem

98 4252 160 4312 iam
189 4249 370 4338 irrepserat
387 4273 415 4314 v.
435 4247 481 4315 28
510 4218 683 4337 expulsum
709 4246 750 4310 ab
766 4246 956 4315 Hermanno
983 4249 1063 4314 dum
1088 4250 1177 4345 glos·

98 4388 185 4427 sema
213 4380 287 4427 ante
316 4363 428 4442 vivit*)
454 4364 534 4426 item
561 4386 589 4426 v.
617 4361 662 4430 ‘29
689 4359 829 4454 volgaris
854 4364 1028 4434 collocatio
1055 4368 1175 4436 verbo-

93 4470 245 4481 ·-n-n——o-
251 4471 386 4481 ...n-——a

157 4507 181 4576 ⁴)
202 4503 256 4553 llos
267 4500 405 4583 ‘glossema
424 4501 484 4553 vida
502 4515 577 4569 quan
591 4499 661 4553 balle
679 4501 785 4553 Rothius
802 4518 859 4556 cum
878 4506 902 4557 si
921 4505 1004 4581 torma
1021 4472 1134 4559 iunxerit
1150 4508 1177 4559 iu

201 4574 410 4625 suavissimorum
428 4586 590 4625 numerorum
612 4580 789 4625 venustatem:
994 4596 998 4603 ¹

293 4644 324 4695 Si
343 4646 396 4712 ipae
415 4645 528 4695 animum
541 4644 647 4713 pepulit,
665 4644 725 4697 duat
741 4647 811 4708 nsit,
830 4645 911 4698 vietor
930 4646 1056 4699 victum
1075 4645 1150 4699 cluat.
