2820 5332
165 759 236 800 ΧΧῊ
616 761 807 806 ΡΜΕΙᾸΉΟ.

165 934 275 1000 verbis
302 934 397 1001 effeci
423 953 532 1001 attnot.
557 967 588 1028 p.
608 952 671 1010 812
691 962 742 1028 sq.
766 934 889 1015 allatis,
923 933 1045 1002 eodem
1068 939 1164 1002 titiam
1190 935 1251 1001 ali-

166 1056 262 1098 ornm
288 1035 391 1101 verba
416 1033 468 1099 vel
495 1052 612 1127 aperte
637 1051 788 1129 spectant
813 1033 866 1100 vel
894 1033 1069 1101 commode
1094 1037 1249 1102 scierun-

164 1147 234 1197 tur:
260 1129 326 1210 τὴν
346 1127 492 1219 πομπὴν
519 1129 582 1200 καὶ
607 1131 675 1212 τὰς
691 1131 779 1210 θέας
802 1124 906 1210 αὖθις
930 1126 966 1213 ἐξ
992 1131 1106 1225 ἀρχῆς
1128 1128 1251 1201 ἐπετέ-

165 1226 253 1297 λουν
277 1228 465 1313 Plutarcbi3
502 1237 572 1300 nisi
604 1232 788 1325 magnifice
816 1238 1096 1300 instaurarentur
1121 1252 1154 1301 ct
1178 1230 1253 1298 ludi

163 1351 264 1420 qaam
288 1329 485 1421 amplissimi
508 1348 545 1398 ut
548 1332 684 1423 sterent
708 1333 811 1415 Livii3
835 1355 922 1422 qnae
947 1357 1002 1398 res
1028 1335 1097 1398 nisi
1110 1348 1251 1398 attenta

165 1426 321 1493 ludorum
347 1433 600 1498 instauratione
622 1435 820 1524 expiaretur
832 1429 976 1514 Valerii3
1000 1448 1141 1497 senatus
1165 1455 1250 1523 qua-

165 1525 358 1620 druplicata
382 1534 530 1620 pecunia
555 1529 653 1598 ludos
684 1533 815 1596 censuit
847 1533 1040 1596 instaurari
1066 1531 1250 1622 Augustini,

163 1625 331 1719 duplicata
363 1628 390 1692 is
417 1629 553 1720 quidem
579 1655 619 1697 ea
647 1630 791 1723 pecunia
815 1653 902 1721 quae
932 1646 981 1696 est
1004 1628 1094 1722 apud
1121 1631 1250 1721 Diony-

163 1726 257 1791 sium.
293 1726 319 1790 E
341 1726 462 1818 quibus
488 1729 642 1796 omnibus
665 1751 878 1820 consequens
902 1752 972 1794 esse
997 1728 1063 1795 boc
1085 1726 1247 1806 volumus,

162 1823 313 1892 utnulla
344 1824 430 1892 tides
465 1825 627 1894 habeatur
655 1827 823 1893 Macrobii
847 1826 1043 1907 memoriae,
1082 1852 1180 1919 qnam
1207 1851 1248 1892 cx

161 1923 322 1989 Varronis
344 1921 603 2017 Antiquitatibus
629 1924 848 2017 repetendam
875 1950 949 1993 csse
975 1924 1156 1993 Merkelius
1183 1925 1248 1990 sibi

162 2024 345 2115 persuasit,
378 2026 569 2091 coniectura
592 2042 630 2091 nt
654 2026 776 2115 opinor
802 2025 936 2090 minime
961 2023 1140 2117 probabili.
1190 2023 1248 2091 Sic

164 2123 253 2188 cuim
285 2119 357 2188 ille:
391 2147 436 2189 ex
467 2139 608 2189 senatus
632 2125 747 2213 itaque
771 2123 926 2189 consulto
947 2140 983 2189 et
1003 2127 1143 2192 Maeuia
1168 2123 1246 2212 lege

163 2218 223 2306 (de
249 2246 313 2313 qua
338 2245 406 2287 non
431 2221 539 2290 babeo
566 2219 660 2315 quod
686 2218 809 2306 dicant)
833 2221 882 2286 ad
903 2222 1159 2314 propitiandum
1184 2224 1248 2289 lo·

164 2343 237 2384 vem
259 2317 399 2386 additus
421 2336 474 2386 est
495 2321 561 2388 illis
583 2317 789 2386 circensibus
814 2319 888 2387 dies
913 2327 954 2397 is,
988 2326 1048 2415 qui
1070 2325 1246 2388 instatua-

162 2421 262 2483 ticius
286 2417 397 2485 dictus
423 2435 494 2495 est,
529 2443 602 2487 non
624 2442 647 2483 a
674 2417 852 2512 patibulo,
885 2437 922 2486 ut
947 2419 1085 2512 quidam
1107 2437 1248 2511 putant,

165 2515 301 2584 Graeco
329 2522 468 2584 nomine
493 2513 568 2585 ἀπὸ
589 2519 659 2585 τοῦ
684 2519 856 2613 σταυροῦ,
889 2518 952 2584 sed
980 2543 1003 2584 a
1027 2518 1249 2610 redintegra·

164 2619 273 2692 tione,
309 2633 346 2682 ut
371 2619 527 2687 Varroni
547 2616 682 2710 placet,
715 2621 774 2708 qui
797 2621 994 2684 instaurare
1019 2623 1069 2684 ait
1096 2643 1167 2684 esse
1194 2623 1249 2682 in-

164 2732 241 2780 star
271 2738 412 2782 novare.
462 2718 591 2784 Horum
628 2742 646 2783 e
681 2716 835 2783 Varrone
871 2717 954 2783 nibil
986 2736 1154 2809 sumptum
1183 2718 1249 2783 nisi

166 2839 229 2879 utta
254 2817 449 2881 instaurare
473 2817 567 2882 verbi
593 2815 775 2907 originatio,
803 2833 836 2882 et
862 2815 998 2883 fortasse
1019 2815 1090 2883 diei
1114 2821 1247 2883 instau-

164 2917 280 2979 raticii
303 2918 439 2985 mentio.
477 2916 528 2980 De
554 2916 618 2981 hoc
644 2914 769 3011 legerat
781 2915 991 2999 Macrobius3
1017 2915 1142 3008 legerat
1167 2916 1247 2982 item

163 3011 207 3077 de
228 3013 416 3079 instauratis
442 3032 582 3105 propter
606 3014 708 3079 Atinii
734 3013 811 3095 (boc
844 3016 933 3080 enim
964 3038 1086 3081 nomen
1112 3016 1247 3080 restitu-

164 3109 289 3177 endum
319 3136 383 3203 pro
408 3109 545 3196 Annio)
571 3113 772 3178 insomnium
795 3111 883 3179 ludis
906 3114 1127 3181 circensibus:
1164 3113 1245 3179 utri-

161 3234 268 3303 usque
298 3211 398 3304 igitur
428 3211 479 3276 rei
512 3211 670 3276 memoria
695 3227 821 3278 temere
847 3211 984 3279 confusa
1016 3238 1117 3277 uuum
1154 3210 1247 3276 diem

162 3309 421 3376 instauraticium
447 3309 650 3376 circensibus
675 3306 741 3374 illis
767 3307 916 3375 additum
937 3312 1077 3403 scripsit.
1094 3310 1244 3377 -Vno

163 3405 317 3500 exemplo
342 3410 542 3487 monstravi,
574 3432 673 3500 quam
707 3430 777 3473 non
814 3424 940 3476 temere
965 3408 1109 3476 dixerim
1135 3439 1163 3500 p.
1183 3424 1246 3482 290

159 3530 227 3573 nou
267 3532 370 3598 pauca
409 3523 536 3573 restare
571 3507 605 3571 in
644 3507 709 3574 boc
739 3530 877 3599 genere,
917 3507 1010 3600 quod
1041 3509 1083 3573 ad
1114 3507 1241 3576 ludos

159 3606 326 3672 votivos
357 3623 501 3698 spectat,
531 3606 713 3672 accuratius
748 3631 848 3698 quam
870 3603 980 3674 adbuc
1005 3607 1127 3673 factum
1156 3625 1242 3673 essct

159 3701 352 3770 definienda
399 3720 431 3769 et
471 3729 548 3772 cum
587 3704 698 3770 fructu
733 3706 869 3770 uberius
907 3704 1115 3796 explicanda.
1172 3704 1242 3773 Sed

158 3801 200 3867 ad
227 3827 298 3868 rem
325 3804 490 3871 scenicam
512 3805 711 3897 Musamque
738 3802 919 3869 Plautinum
949 3804 1033 3872 baec
1055 3803 1136 3871 nibil
1163 3828 1243 3897 per-

159 3919 272 3968 tinent

256 4009 375 4080 usn,
400 4001 457 4066 ubi
483 3999 528 4066 de
554 3998 749 4068 incredibili
783 3997 1066 4067 instaurandi
1091 4018 1123 4066 ct
1147 4001 1243 4092 cupi-

159 4096 261 4165 ditate
286 4117 320 4166 et
333 4099 520 4192 frequentia
538 4100 748 4192 minimisque
775 4099 819 4167 de
835 4100 955 4167 caussis
968 4098 1051 4169 tacta
1076 4101 1142 4166 ins
1153 4116 1243 4164 tau-

157 4199 327 4265 ratione
358 4197 444 4278 dixi,
480 4217 631 4289 poteram
658 4223 729 4264 eam
764 4200 799 4263 in
820 4224 892 4264 scm
918 4199 1066 4290 ipsorum
1094 4215 1244 4265 veterum

158 4298 353 4364 testimoniis
379 4299 435 4364 uti.
474 4296 577 4365 Velut
602 4296 771 4364 Plutarchi
796 4299 849 4362 vit„
873 4295 1000 4364 Coriol.
1026 4323 1053 4363 c.
1081 4299 1145 4365 25:
1171 4295 1241 4362 Sv-

156 4396 242 4471 σίας
271 4387 312 4463 δὲ
348 4392 410 4462 καὶ
444 4393 590 4484 πομπὰς
620 4391 682 4461 καὶ
716 4392 807 4472 θέας
838 4395 881 4460 οὐ
913 4390 1026 4482 μόνον
1061 4389 1096 4476 ἐξ
1122 4389 1244 4473 αἰτίας

157 4490 390 4580 τηλικαύτης,
413 4491 591 4561 ἀλλὰκαὶ
616 4486 679 4560 διὰ
702 4491 828 4585 μικρὰς
843 4485 1120 4580 Ῥωμαίοιςὲὃσς
1139 4491 1245 4561 ἐστὶν

154 4588 439 4684 ἀναλαμβάνειν.
466 4586 579 4660 ἵππου
603 4615 644 4659 τε
666 4592 733 4683 γὰρ
774 4589 852 4669 ἑνὸς
877 4594 948 4660 τῶν
981 4589 1143 4683 ἀγόντων
1175 4592 1242 4671 τὰς

152 4688 378 4783 καλουμένας
398 4693 545 4772 θήσσας
570 4692 820 4772 ἀτονήσαντος
846 4687 907 4758 καὶ
935 4690 1047 4760 πάλιν
1072 4692 1139 4758 τοὺ
1164 4690 1242 4769 ἡνι-
