2820 5332
521 686 738 730 stocnrnrsvs.
1103 658 1175 732 425

93 857 324 952 pervulgatum
362 856 476 924 dicere
508 859 736 952 triumphandi
766 882 892 927 morem
923 863 951 926 is
979 882 1078 953 poeta
1114 885 1176 955 po-

96 977 213 1055 tuerit,
248 1000 348 1067 quem
373 975 462 1041 baud
487 976 531 1041 its
558 975 661 1043 molto
688 996 765 1069 post
789 979 917 1043 initium
943 980 1028 1045 sexti
1054 977 1176 1046 saeculi

96 1110 206 1157 nutum
244 1116 316 1169 esse
343 1090 523 1176 constet*).
573 1095 745 1158 Praeterea
772 1109 880 1158 nutem
906 1093 1042 1159 minime
1067 1093 1176 1187 negli-
1253 1077 1256 1093 ⁸

96 1233 174 1300 gere
200 1206 283 1273 illud
304 1207 457 1273 Osannus
482 1205 638 1285 debebat,
665 1206 768 1300 quod,
793 1208 828 1272 in
856 1208 976 1299 quibus
1002 1233 1174 1274 versamur

96 1323 298 1390 Bacchidum
322 1324 490 1403 versibus,
526 1325 573 1389 eis
598 1321 777 1416 Chrysalus
805 1325 944 1416 respicit
974 1327 1067 1418 prius
1097 1348 1176 1392 ase

99 1439 186 1506 dicto
217 1438 366 1504 eiusdem
393 1463 513 1505 scenae
538 1465 568 1504 v.
601 1440 648 1508 47
676 1463 746 1530 sq:

126 1546 128 1551 ’
193 1549 299 1621 Nunc
323 1559 427 1620 etiam
449 1547 569 1619 ulteris
592 1552 749 1619 duceretis
772 1546 850 1618 risus
875 1569 940 1629 est,
963 1557 1023 1647 qui
1035 1548 1181 1648 dispens--

685 1685 806 1735 rentur

193 1778 270 1854 ‘Ilio
296 1803 406 1877 capto,
429 1779 465 1850 rit
490 1789 535 1850 sit
557 1785 710 1860 mulsum,
734 1780 793 1876 qui
810 1784 1018 1876 triumphent
1041 1781 1174 1852 milites.

217 1898 285 1966 Sed
311 1898 461 1968 noudum
492 1902 625 1967 missum
655 1901 739 1966 secio
773 1899 862 1968 hunc
897 1901 1027 1978 locum,
1064 1925 1178 1994 equo

97 2017 124 2082 si
151 2017 257 2082 minus
284 2041 404 2109 cogere
432 2013 682 2107 argumentandi
709 2017 920 2096 necessitate,
946 2032 978 2081 st
1005 2017 1176 2083 coniectu-

95 2157 152 2197 rse
179 2150 269 2198 certe
295 2130 530 2224 probabilitate
554 2133 686 2224 assequi
713 2156 812 2224 posse
837 2149 930 2198 actae
946 2131 1074 2197 subulae
1095 2148 1178 2196 tem·
1227 2202 1229 2207 Α

94 2272 157 2339 pus
192 2245 355 2314 videmur.
417 2247 499 2312 Nam
539 2271 614 2314 cum
654 2248 695 2312 sit
728 2264 990 2314 consentaneum
1027 2250 1062 2313 in
1095 2248 1177 2340 ipsis

96 2379 282 2452 temporum
309 2362 491 2428 rationibus
518 2359 648 2454 aliquid
674 2387 806 2428 caussae
834 2387 1013 2454 quaerere,
1039 2388 1097 2430 cur
1114 2362 1179 2428 levi

95 2478 247 2543 irrisione
270 2476 497 2568 triumphandi
522 2477 687 2542 honorem
713 2493 810 2568 poeta
836 2478 1087 2568 perstrinxerit,
1114 2501 1177 2570 ego
1281 2500 1286 2511 ·

96 2591 231 2684 quidem
257 2593 420 2683 imprimis
447 2591 620 2658 commodo
653 2594 723 2658 eius
749 2592 910 2658 irrisionis
933 2610 1083 2685 tempora
1109 2592 1199 2660 duo,

96 2709 302 2798 potissimum
325 2708 476 2799 reperio,
501 2708 584 2774 finiti
611 2705 693 2773 belli
718 2707 921 2800 Philippici,
947 2726 981 2773 et
1002 2706 1082 2772 belli
1110 2710 1180 2773 An-

96 2823 241 2888 tiochini.
294 2826 508 2916 Posteaquam
538 2824 627 2889 enim
651 2825 738 2888 iuter
764 2848 791 2888 s.
814 2822 885 2892 535
914 2841 947 2888 et
972 2821 1043 2891 542
1070 2820 1179 2888 nullus

97 2938 252 3006 decretus
285 2939 391 3005 iuerat
425 2938 631 3031 triumphus,
666 2937 777 3004 nullus
799 2964 826 3003 a.
853 2933 934 3006 543.
962 2935 1054 3014 545,
1081 2938 1122 3002 sb
1148 2963 1176 3003 e.

97 3052 167 3124 547
194 3052 236 3118 nd
262 3055 333 3120 559,
359 3053 438 3119 item
463 3053 597 3134 nulius,
624 3052 733 3119 nullus
761 3051 960 3146 denique‘a.
988 3045 1081 3148 555.Ι
1097 3054 1179 3132 555,

99 3188 211 3233 secute
237 3186 312 3233 sunt
339 3194 377 3233 ea
403 3186 573 3261 temporo,
606 3169 726 3262 quibus
753 3168 998 3260 propemodum
1022 3170 1176 3234 continuo

97 3285 222 3349 exstitit
243 3283 490 3375 triumphorum
516 3309 590 3350 sese
615 3285 848 3376 excipientium
874 3283 1071 3376 frequentis.
1122 3283 1176 3347 Bis

98 3417 148 3464 est
186 3401 424 3491 triumphatum
459 3427 487 3465 a.
509 3401 583 3471 556
618 3401 659 3464 ab
692 3402 730 3466 C.
762 3398 922 3466 Cornelio
957 3399 1107 3491 Cethego
1135 3397 1179 3465 de

97 3515 292 3581 insubribus
322 3516 612 3608 Cenomanisque,
639 3514 679 3580 ab
707 3517 745 3597 Q.
773 3515 920 3582 Minucio
943 3515 1026 3582 Ruso
1053 3513 1097 3581 de
1125 3517 1182 3580 Li-

97 3632 232 3721 guribus
264 3632 421 3723 Boiisque
448 3628 552 3695 Gallis
578 3629 662 3714 (Liv.
690 3629 1019 3722 xxxl11‚22sq.);
1054 3655 1082 3699 a.
1109 3630 1180 3698 557

98 3746 142 3811 de
170 3747 390 3814 Comensibus
417 3764 449 3812 et
485 3745 680 3814 Insubribus
712 3748 754 3812 ab
780 3749 827 3812 M.
850 3744 991 3811 Claudio
1014 3741 1179 3810 Marcello

98 3861 180 3947 (Liv.
206 3887 232 3927 c.
255 3859 337 3944 37),
373 3888 401 3927 a.
428 3862 500 3931 558
536 3862 576 3927 eb
611 3863 649 3944 Q.
676 3863 825 3928 Minucio
859 3861 1009 3926 Thermo
1044 3883 1085 3923 ex
1118 3858 1178 3921 Hi-

99 3979 212 4074 spsniu
240 3979 397 4043 citeriore
425 3977 509 4062 (Liv.
535 3976 692 4054 XXXIV,
723 3974 806 4059 10),
829 3993 866 4041 ut
889 3975 1055 4042 orationes
1080 3995 1182 4063 prue-

99 4095 275 4159 termittsm
310 4093 370 4160 Cn.
398 4091 550 4159 Cornelii
574 4089 707 4156 Lentuli
740 4108 775 4156 et
800 4092 845 4155 M.
877 4088 988 4155 Helvii
1010 4084 1180 4165 blesiouis,

100 4205 143 4273 de
170 4210 291 4300 quibus
316 4208 385 4273 Liv.
409 4206 489 4274 ibid.
517 4225 551 4273 et
570 4205 809 4288 XXX111‚27;
835 4206 886 4271 bis
912 4201 1037 4270 deinde
1063 4229 1090 4268 a.
1111 4201 1181 4272 559

100 4325 141 4388 ab
167 4324 213 4386 Μ.
237 4325 355 4389 Porcio
384 4325 510 4390 Catone
538 4345 577 4387 ex
605 4321 771 4414 Hispania,
798 4321 839 4385 eb
867 4324 906 4386 Τ.
933 4320 1088 4403 Quinctio
1103 4315 1183 4384 Fls-

103 4439 227 4505 menno
250 4437 293 4501 se
317 4463 397 4530 rege
428 4423 584 4531 rnrippo
612 4463 651 4504 ex
683 4436 882 4503 Macedoni.
918 4435 1000 4521 (riv.
1027 4435 1181 4511 xxxiv,

148 4697 175 4767 0>
197 4693 347 4750 vicenus.
369 4692 401 4746 u.
