<?xml version="1.0" encoding="UTF-8"?>
<!DOCTYPE html PUBLIC "-//W3C//DTD XHTML 1.0 Transitional//EN"
    "http://www.w3.org/TR/xhtml1/DTD/xhtml1-transitional.dtd">
<html xmlns="http://www.w3.org/1999/xhtml" xml:lang="en" lang="en">
 <head>
  <title>
</title>
<meta http-equiv="Content-Type" content="text/html;charset=utf-8" />
  <meta name='ocr-system' content='tesseract 3.04.00' />
  <meta name='ocr-capabilities' content='ocr_page ocr_carea ocr_par ocr_line ocrx_word'/>
</head>
<body>
  <div class='ocr_page' id='page_1' title='image "./parergonplautin01ritsgoog_0453.png"; bbox 0 0 2820 5332; ppageno 0'>
   <div class='ocr_carea' id='block_1_1' title="bbox 220 674 897 747">
    <p class='ocr_par' dir='ltr' id='par_1_1' title="bbox 220 674 897 747">
     <span class='ocr_line' id='line_1_1' title="bbox 220 674 897 747; baseline -0.012 0"><span class='ocrx_word' id='word_1_1' title='bbox 220 674 293 747; x_wconf 64' lang='lat' dir='ltr'>4¹ss</span> <span class='ocrx_word' id='word_1_2' title='bbox 630 698 684 740; x_wconf 84' lang='lat' dir='ltr'>vu.</span> <span class='ocrx_word' id='word_1_3' title='bbox 711 699 753 739; x_wconf 83' lang='lat' dir='ltr'>ne</span> <span class='ocrx_word' id='word_1_4' title='bbox 781 699 897 740; x_wconf 75' lang='lat' dir='ltr'>enirm</span> 
     </span>
    </p>
   </div>
   <div class='ocr_carea' id='block_1_2' title="bbox 158 864 1404 2465">
    <p class='ocr_par' dir='ltr' id='par_1_2' title="bbox 158 864 1404 2465">
     <span class='ocr_line' id='line_1_2' title="bbox 216 864 1304 961; baseline -0.001 -23"><span class='ocrx_word' id='word_1_5' title='bbox 216 873 332 951; x_wconf 73' lang='lat' dir='ltr'>attulit,</span> <span class='ocrx_word' id='word_1_6' title='bbox 359 875 449 942; x_wconf 89' lang='lat' dir='ltr'>cuius</span> <span class='ocrx_word' id='word_1_7' title='bbox 474 864 642 960; x_wconf 73' lang='grc' dir='ltr'>ὦΔημέα</span> <span class='ocrx_word' id='word_1_8' title='bbox 665 870 768 937; x_wconf 85' lang='lat' dir='ltr'>verbe</span> <span class='ocrx_word' id='word_1_9' title='bbox 789 868 871 935; x_wconf 79' lang='lat' dir='ltr'>nihil</span> <span class='ocrx_word' id='word_1_10' title='bbox 895 871 1068 961; x_wconf 78' lang='lat' dir='ltr'>utriusque</span> <span class='ocrx_word' id='word_1_11' title='bbox 1091 867 1224 936; x_wconf 72' lang='lat' dir='ltr'>fabuler</span> <span class='ocrx_word' id='word_1_12' title='bbox 1238 893 1304 961; x_wconf 85' lang='lat' dir='ltr'>pe-</span> 
     </span>
     <span class='ocr_line' id='line_1_3' title="bbox 218 985 1302 1056; baseline -0.001 0"><span class='ocrx_word' id='word_1_13' title='bbox 218 991 316 1056; x_wconf 89' lang='lat' dir='ltr'>tuisse</span> <span class='ocrx_word' id='word_1_14' title='bbox 343 1017 519 1056; x_wconf 89' lang='lat' dir='ltr'>commune</span> <span class='ocrx_word' id='word_1_15' title='bbox 547 1014 621 1055; x_wconf 86' lang='lat' dir='ltr'>esse</span> <span class='ocrx_word' id='word_1_16' title='bbox 648 987 877 1054; x_wconf 71' lang='lat' dir='ltr'>demonstrare</span> <span class='ocrx_word' id='word_1_17' title='bbox 911 985 1086 1052; x_wconf 76' lang='lat' dir='ltr'>videantur</span> <span class='ocrx_word' id='word_1_18' title='bbox 1118 986 1302 1054; x_wconf 74' lang='lat' dir='ltr'>manifesto.</span> 
     </span>
     <span class='ocr_line' id='line_1_4' title="bbox 216 1102 1304 1194; baseline 0 -25"><span class='ocrx_word' id='word_1_19' title='bbox 216 1105 307 1170; x_wconf 80' lang='lat' dir='ltr'>Itane</span> <span class='ocrx_word' id='word_1_20' title='bbox 340 1105 449 1170; x_wconf 77' lang='lat' dir='ltr'>veroi&#39;</span> <span class='ocrx_word' id='word_1_21' title='bbox 494 1102 585 1188; x_wconf 83' lang='lat' dir='ltr'><strong>Quid</strong></span> <span class='ocrx_word' id='word_1_22' title='bbox 615 1105 725 1182; x_wconf 88' lang='lat' dir='ltr'>enim,</span> <span class='ocrx_word' id='word_1_23' title='bbox 765 1105 791 1168; x_wconf 88' lang='lat' dir='ltr'>si</span> <span class='ocrx_word' id='word_1_24' title='bbox 825 1125 1043 1194; x_wconf 77' lang='lat' dir='ltr'>personarum</span> <span class='ocrx_word' id='word_1_25' title='bbox 1072 1103 1304 1169; x_wconf 68' lang='lat' dir='ltr'>nornineseu</span> 
     </span>
     <span class='ocr_line' id='line_1_5' title="bbox 158 1216 1302 1308; baseline 0.001 -23"><span class='ocrx_word' id='word_1_26' title='bbox 158 1254 163 1261; x_wconf 88' lang='lat'><strong>·</strong></span> <span class='ocrx_word' id='word_1_27' title='bbox 217 1236 335 1285; x_wconf 85' lang='lat' dir='ltr'>cuncta</span> <span class='ocrx_word' id='word_1_28' title='bbox 365 1243 426 1284; x_wconf 90' lang='lat' dir='ltr'>seu</span> <span class='ocrx_word' id='word_1_29' title='bbox 460 1218 618 1286; x_wconf 79' lang='lat' dir='ltr'>nonnulla</span> <span class='ocrx_word' id='word_1_30' title='bbox 649 1236 776 1284; x_wconf 81' lang='lat' dir='ltr'>mutere</span> <span class='ocrx_word' id='word_1_31' title='bbox 803 1216 920 1282; x_wconf 74' lang='lat' dir='ltr'>latinus</span> <span class='ocrx_word' id='word_1_32' title='bbox 947 1233 1044 1308; x_wconf 81' lang='lat' dir='ltr'>poete</span> <span class='ocrx_word' id='word_1_33' title='bbox 1067 1219 1302 1287; x_wconf 76' lang='lat' dir='ltr'>consueverit?</span> 
     </span>
     <span class='ocr_line' id='line_1_6' title="bbox 216 1332 1302 1426; baseline 0.003 -28"><span class='ocrx_word' id='word_1_34' title='bbox 216 1332 315 1417; x_wconf 89' lang='lat' dir='ltr'>Quod</span> <span class='ocrx_word' id='word_1_35' title='bbox 354 1334 490 1426; x_wconf 90' lang='lat' dir='ltr'>quidem</span> <span class='ocrx_word' id='word_1_36' title='bbox 513 1336 711 1400; x_wconf 85' lang='lat' dir='ltr'>Terentium</span> <span class='ocrx_word' id='word_1_37' title='bbox 749 1335 849 1399; x_wconf 89' lang='lat' dir='ltr'>certis</span> <span class='ocrx_word' id='word_1_38' title='bbox 877 1332 1073 1398; x_wconf 75' lang='lat' dir='ltr'>testimoniis</span> <span class='ocrx_word' id='word_1_39' title='bbox 1099 1350 1226 1407; x_wconf 80' lang='lat' dir='ltr'>constet</span> <span class='ocrx_word' id='word_1_40' title='bbox 1250 1336 1302 1401; x_wconf 86' lang='lat' dir='ltr'>sio</span> 
     </span>
     <span class='ocr_line' id='line_1_7' title="bbox 215 1447 1299 1542; baseline 0.003 -28"><span class='ocrx_word' id='word_1_41' title='bbox 215 1451 409 1528; x_wconf 77' lang='lat' dir='ltr'>instituisse,</span> <span class='ocrx_word' id='word_1_42' title='bbox 442 1476 527 1542; x_wconf 82' lang='lat' dir='ltr'>quae</span> <span class='ocrx_word' id='word_1_43' title='bbox 552 1448 628 1516; x_wconf 88' lang='lat' dir='ltr'>vide</span> <span class='ocrx_word' id='word_1_44' title='bbox 653 1448 743 1542; x_wconf 89' lang='lat' dir='ltr'>upud</span> <span class='ocrx_word' id='word_1_45' title='bbox 768 1447 973 1513; x_wconf 81' lang='lat' dir='ltr'>Meincltium</span> <span class='ocrx_word' id='word_1_46' title='bbox 999 1449 1091 1513; x_wconf 87' lang='lat' dir='ltr'>Men.</span> <span class='ocrx_word' id='word_1_47' title='bbox 1118 1472 1151 1539; x_wconf 82' lang='lat' dir='ltr'>p.</span> <span class='ocrx_word' id='word_1_48' title='bbox 1179 1451 1210 1518; x_wconf 89' lang='lat'>7.</span> <span class='ocrx_word' id='word_1_49' title='bbox 1236 1452 1299 1520; x_wconf 84' lang='grc'>67.</span> 
     </span>
     <span class='ocr_line' id='line_1_8' title="bbox 215 1562 1404 1656; baseline 0 -23"><span class='ocrx_word' id='word_1_50' title='bbox 215 1564 264 1633; x_wconf 85' lang='grc'>98</span> <span class='ocrx_word' id='word_1_51' title='bbox 293 1590 343 1656; x_wconf 83' lang='lat' dir='ltr'>sq.</span> <span class='ocrx_word' id='word_1_52' title='bbox 372 1564 424 1630; x_wconf 78' lang='lat' dir='ltr'>vel</span> <span class='ocrx_word' id='word_1_53' title='bbox 459 1566 659 1632; x_wconf 82' lang='lat' dir='ltr'>Grunertum</span> <span class='ocrx_word' id='word_1_54' title='bbox 686 1563 835 1630; x_wconf 79' lang='lat' dir='ltr'>Anulum.</span> <span class='ocrx_word' id='word_1_55' title='bbox 867 1564 944 1630; x_wconf 84' lang='lat' dir='ltr'>hist.</span> <span class='ocrx_word' id='word_1_56' title='bbox 974 1581 1007 1629; x_wconf 89' lang='lat' dir='ltr'>et</span> <span class='ocrx_word' id='word_1_57' title='bbox 1039 1563 1122 1656; x_wconf 61' lang='lat' dir='ltr'>ptuit.</span> <span class='ocrx_word' id='word_1_58' title='bbox 1153 1588 1186 1656; x_wconf 86' lang='lat' dir='ltr'>p.</span> <span class='ocrx_word' id='word_1_59' title='bbox 1216 1562 1297 1633; x_wconf 78' lang='lat'>140.</span> <span class='ocrx_word' id='word_1_60' title='bbox 1400 1575 1404 1581; x_wconf 81' lang='lat'>&#39;</span> 
     </span>
     <span class='ocr_line' id='line_1_9' title="bbox 218 1674 1299 1772; baseline 0.001 -26"><span class='ocrx_word' id='word_1_61' title='bbox 218 1674 298 1746; x_wconf 70' lang='lat'><strong>154.</strong></span> <span class='ocrx_word' id='word_1_62' title='bbox 327 1676 406 1748; x_wconf 82' lang='lat'><strong>166.</strong></span> <span class='ocrx_word' id='word_1_63' title='bbox 432 1677 462 1765; x_wconf 79' lang='lat'>*)</span> <span class='ocrx_word' id='word_1_64' title='bbox 514 1680 631 1771; x_wconf 81' lang='lat' dir='ltr'>Iteque</span> <span class='ocrx_word' id='word_1_65' title='bbox 665 1704 707 1745; x_wconf 88' lang='lat' dir='ltr'>ne</span> <span class='ocrx_word' id='word_1_66' title='bbox 735 1679 777 1744; x_wconf 92' lang='lat' dir='ltr'>de</span> <span class='ocrx_word' id='word_1_67' title='bbox 805 1678 1004 1772; x_wconf 87' lang='lat' dir='ltr'>ecquidem</span> <span class='ocrx_word' id='word_1_68' title='bbox 1030 1678 1112 1745; x_wconf 90' lang='lat' dir='ltr'>licet</span> <span class='ocrx_word' id='word_1_69' title='bbox 1135 1704 1174 1745; x_wconf 90' lang='lat' dir='ltr'>ex</span> <span class='ocrx_word' id='word_1_70' title='bbox 1199 1679 1299 1749; x_wconf 81' lang='lat' dir='ltr'>Pleu-</span> 
     </span>
     <span class='ocr_line' id='line_1_10' title="bbox 214 1793 1300 1887; baseline 0.002 -27"><span class='ocrx_word' id='word_1_71' title='bbox 214 1796 280 1860; x_wconf 84' lang='lat' dir='ltr'>tinu</span> <span class='ocrx_word' id='word_1_72' title='bbox 307 1793 418 1860; x_wconf 82' lang='lat' dir='ltr'>subula</span> <span class='ocrx_word' id='word_1_73' title='bbox 441 1796 666 1862; x_wconf 80' lang='lat' dir='ltr'>coniecturum</span> <span class='ocrx_word' id='word_1_74' title='bbox 690 1820 826 1887; x_wconf 84' lang='lat' dir='ltr'>cepere,</span> <span class='ocrx_word' id='word_1_75' title='bbox 852 1820 930 1860; x_wconf 91' lang='lat' dir='ltr'>num</span> <span class='ocrx_word' id='word_1_76' title='bbox 955 1795 1177 1861; x_wconf 82' lang='lat' dir='ltr'>Bacchidibus</span> <span class='ocrx_word' id='word_1_77' title='bbox 1203 1820 1300 1863; x_wconf 88' lang='lat' dir='ltr'>soro·</span> 
     </span>
     <span class='ocr_line' id='line_1_11' title="bbox 214 1909 1300 2004; baseline 0.003 -29"><span class='ocrx_word' id='word_1_78' title='bbox 214 1909 305 1975; x_wconf 82' lang='lat' dir='ltr'>ribus</span> <span class='ocrx_word' id='word_1_79' title='bbox 327 1910 393 1977; x_wconf 88' lang='lat' dir='ltr'>hoc</span> <span class='ocrx_word' id='word_1_80' title='bbox 419 1934 541 1977; x_wconf 91' lang='lat' dir='ltr'>nemen</span> <span class='ocrx_word' id='word_1_81' title='bbox 567 1913 630 1976; x_wconf 86' lang='lat' dir='ltr'>iem</span> <span class='ocrx_word' id='word_1_82' title='bbox 647 1910 836 1976; x_wconf 82' lang='lat' dir='ltr'><strong>Menander</strong></span> <span class='ocrx_word' id='word_1_83' title='bbox 850 1911 987 1978; x_wconf 82' lang='lat' dir='ltr'>fecerit:</span> <span class='ocrx_word' id='word_1_84' title='bbox 1014 1909 1300 2004; x_wconf 76' lang='lat' dir='ltr'><strong>quemadmodum</strong></span> 
     </span>
     <span class='ocr_line' id='line_1_12' title="bbox 212 2024 1297 2118; baseline 0.004 -29"><span class='ocrx_word' id='word_1_85' title='bbox 212 2025 302 2092; x_wconf 86' lang='lat' dir='ltr'>huuc</span> <span class='ocrx_word' id='word_1_86' title='bbox 324 2027 444 2094; x_wconf 87' lang='lat' dir='ltr'>scimus</span> <span class='ocrx_word' id='word_1_87' title='bbox 460 2025 639 2118; x_wconf 76' lang='lat' dir='ltr'><strong>Glyceram</strong></span> <span class='ocrx_word' id='word_1_88' title='bbox 664 2050 737 2092; x_wconf 79' lang='lat' dir='ltr'>suas</span> <span class='ocrx_word' id='word_1_89' title='bbox 761 2024 898 2092; x_wconf 84' lang='lat' dir='ltr'>delicias</span> <span class='ocrx_word' id='word_1_90' title='bbox 921 2027 957 2090; x_wconf 90' lang='lat' dir='ltr'>in</span> <span class='ocrx_word' id='word_1_91' title='bbox 978 2025 1089 2118; x_wconf 78' lang='lat' dir='ltr'>ulique</span> <span class='ocrx_word' id='word_1_92' title='bbox 1111 2025 1220 2092; x_wconf 80' lang='lat' dir='ltr'>seboin</span> <span class='ocrx_word' id='word_1_93' title='bbox 1239 2052 1297 2095; x_wconf 88' lang='lat' dir='ltr'>ce-</span> 
     </span>
     <span class='ocr_line' id='line_1_13' title="bbox 213 2128 1297 2234; baseline 0.002 -28"><span class='ocrx_word' id='word_1_94' title='bbox 213 2139 361 2208; x_wconf 83' lang='lat' dir='ltr'>lebrasse</span> <span class='ocrx_word' id='word_1_95' title='bbox 388 2128 445 2228; x_wconf 86' lang='lat' dir='ltr'><strong>(cf.</strong></span> <span class='ocrx_word' id='word_1_96' title='bbox 472 2143 576 2209; x_wconf 86' lang='lat' dir='ltr'>Mein.</span> <span class='ocrx_word' id='word_1_97' title='bbox 602 2168 637 2233; x_wconf 88' lang='lat' dir='ltr'>p.</span> <span class='ocrx_word' id='word_1_98' title='bbox 653 2143 701 2212; x_wconf 85' lang='lat'>38</span> <span class='ocrx_word' id='word_1_99' title='bbox 718 2138 795 2234; x_wconf 54' lang='lat' dir='ltr'>sis),</span> <span class='ocrx_word' id='word_1_100' title='bbox 814 2141 1027 2234; x_wconf 90' lang='lat' dir='ltr'>eundemque</span> <span class='ocrx_word' id='word_1_101' title='bbox 1042 2142 1297 2208; x_wconf 81' lang='lat' dir='ltr'>sortasseetium</span> 
     </span>
     <span class='ocr_line' id='line_1_14' title="bbox 212 2256 1298 2350; baseline 0.003 -27"><span class='ocrx_word' id='word_1_102' title='bbox 212 2256 411 2323; x_wconf 75' lang='lat' dir='ltr'><strong>Bacchidem</strong></span> <span class='ocrx_word' id='word_1_103' title='bbox 445 2259 616 2336; x_wconf 78' lang='lat' dir='ltr'>amasium,</span> <span class='ocrx_word' id='word_1_104' title='bbox 659 2259 797 2325; x_wconf 77' lang='lat' dir='ltr'>sivero</span> <span class='ocrx_word' id='word_1_105' title='bbox 831 2259 896 2323; x_wconf 91' lang='lat' dir='ltr'>sint</span> <span class='ocrx_word' id='word_1_106' title='bbox 920 2283 1006 2350; x_wconf 81' lang='lat' dir='ltr'>quae</span> <span class='ocrx_word' id='word_1_107' title='bbox 1032 2283 1065 2349; x_wconf 86' lang='lat' dir='ltr'>p.</span> <span class='ocrx_word' id='word_1_108' title='bbox 1094 2258 1240 2323; x_wconf 86' lang='lat' dir='ltr'>XXVIII</span> <span class='ocrx_word' id='word_1_109' title='bbox 1264 2276 1298 2326; x_wconf 84' lang='lat' dir='ltr'>et</span> 
     </span>
     <span class='ocr_line' id='line_1_15' title="bbox 163 2371 1297 2465; baseline -0.001 -25"><span class='ocrx_word' id='word_1_110' title='bbox 163 2392 167 2401; x_wconf 84' lang='grc'><strong><em>’</em></strong></span> <span class='ocrx_word' id='word_1_111' title='bbox 213 2372 285 2442; x_wconf 82' lang='grc'>303</span> <span class='ocrx_word' id='word_1_112' title='bbox 311 2372 496 2440; x_wconf 82' lang='lat' dir='ltr'>Meinekius</span> <span class='ocrx_word' id='word_1_113' title='bbox 520 2371 708 2465; x_wconf 71' lang='lat' dir='ltr'>disputavit.</span> <span class='ocrx_word' id='word_1_114' title='bbox 744 2371 814 2439; x_wconf 88' lang='lat' dir='ltr'>Sed</span> <span class='ocrx_word' id='word_1_115' title='bbox 840 2398 883 2438; x_wconf 92' lang='lat' dir='ltr'>nc</span> <span class='ocrx_word' id='word_1_116' title='bbox 911 2374 960 2438; x_wconf 82' lang='lat' dir='ltr'>Itis</span> <span class='ocrx_word' id='word_1_117' title='bbox 987 2372 1124 2465; x_wconf 89' lang='lat' dir='ltr'>quidem</span> <span class='ocrx_word' id='word_1_118' title='bbox 1149 2373 1297 2439; x_wconf 79' lang='lat' dir='ltr'>versibus</span> 
     </span>
    </p>
   </div>
   <div class='ocr_carea' id='block_1_3' title="bbox 214 2487 1209 2581">
    <p class='ocr_par' dir='ltr' id='par_1_3' title="bbox 214 2487 1209 2581">
     <span class='ocr_line' id='line_1_16' title="bbox 214 2487 1209 2581; baseline 0.001 -28"><span class='ocrx_word' id='word_1_119' title='bbox 214 2490 395 2581; x_wconf 80' lang='lat' dir='ltr'>quicquam</span> <span class='ocrx_word' id='word_1_120' title='bbox 422 2513 598 2556; x_wconf 89' lang='lat' dir='ltr'>commune</span> <span class='ocrx_word' id='word_1_121' title='bbox 626 2513 698 2555; x_wconf 87' lang='lat' dir='ltr'>esse</span> <span class='ocrx_word' id='word_1_122' title='bbox 724 2513 799 2556; x_wconf 89' lang='lat' dir='ltr'>cum</span> <span class='ocrx_word' id='word_1_123' title='bbox 823 2487 929 2555; x_wconf 82' lang='lat' dir='ltr'>Plauti</span> <span class='ocrx_word' id='word_1_124' title='bbox 955 2488 1063 2557; x_wconf 80' lang='lat' dir='ltr'>fabule</span> <span class='ocrx_word' id='word_1_125' title='bbox 1089 2505 1209 2581; x_wconf 87' lang='lat' dir='ltr'>potest.</span> 
     </span>
    </p>
   </div>
   <div class='ocr_carea' id='block_1_4' title="bbox 632 2787 805 2881">
    <p class='ocr_par' dir='ltr' id='par_1_4' title="bbox 632 2787 805 2881">
     <span class='ocr_line' id='line_1_17' title="bbox 632 2787 805 2881; baseline -0.006 -24"><span class='ocrx_word' id='word_1_126' title='bbox 632 2868 639 2881; x_wconf 25' lang='lat'>⁸</span> <span class='ocrx_word' id='word_1_127' title='bbox 716 2789 746 2875; x_wconf 66' lang='lat' dir='ltr'>S.</span> <span class='ocrx_word' id='word_1_128' title='bbox 771 2787 805 2857; x_wconf 84' lang='lat'>6.</span> 
     </span>
    </p>
   </div>
   <div class='ocr_carea' id='block_1_5' title="bbox 212 2959 1299 4557">
    <p class='ocr_par' dir='ltr' id='par_1_5' title="bbox 212 2959 1299 4557">
     <span class='ocr_line' id='line_1_18' title="bbox 312 2959 1297 3054; baseline 0 -26"><span class='ocrx_word' id='word_1_129' title='bbox 312 2965 472 3030; x_wconf 85' lang='lat' dir='ltr'>Revertor</span> <span class='ocrx_word' id='word_1_130' title='bbox 494 2960 538 3028; x_wconf 84' lang='lat' dir='ltr'>ed</span> <span class='ocrx_word' id='word_1_131' title='bbox 562 2960 765 3030; x_wconf 80' lang='lat' dir='ltr'>Bacchidem</span> <span class='ocrx_word' id='word_1_132' title='bbox 790 2963 932 3042; x_wconf 89' lang='lat' dir='ltr'>initium,</span> <span class='ocrx_word' id='word_1_133' title='bbox 955 2959 1047 3054; x_wconf 90' lang='lat' dir='ltr'>quod</span> <span class='ocrx_word' id='word_1_134' title='bbox 1063 2984 1138 3028; x_wconf 90' lang='lat' dir='ltr'>cum</span> <span class='ocrx_word' id='word_1_135' title='bbox 1158 2987 1220 3052; x_wconf 88' lang='lat' dir='ltr'>per</span> <span class='ocrx_word' id='word_1_136' title='bbox 1235 2961 1297 3028; x_wconf 83' lang='lat' dir='ltr'>eli-</span> 
     </span>
     <span class='ocr_line' id='line_1_19' title="bbox 215 3075 1299 3170; baseline 0.002 -27"><span class='ocrx_word' id='word_1_137' title='bbox 215 3094 297 3170; x_wconf 88' lang='lat' dir='ltr'>quot</span> <span class='ocrx_word' id='word_1_138' title='bbox 322 3077 451 3143; x_wconf 84' lang='lat' dir='ltr'>saecula</span> <span class='ocrx_word' id='word_1_139' title='bbox 477 3076 640 3143; x_wconf 85' lang='lat' dir='ltr'>creditum</span> <span class='ocrx_word' id='word_1_140' title='bbox 668 3095 757 3143; x_wconf 91' lang='lat' dir='ltr'>esset</span> <span class='ocrx_word' id='word_1_141' title='bbox 779 3075 1000 3156; x_wconf 88' lang='lat' dir='ltr'>intercidisse,</span> <span class='ocrx_word' id='word_1_142' title='bbox 1026 3093 1136 3144; x_wconf 87' lang='lat' dir='ltr'>nostra</span> <span class='ocrx_word' id='word_1_143' title='bbox 1157 3077 1299 3170; x_wconf 88' lang='lat' dir='ltr'>quidem</span> 
     </span>
     <span class='ocr_line' id='line_1_20' title="bbox 212 3192 1299 3285; baseline 0.003 -28"><span class='ocrx_word' id='word_1_144' title='bbox 212 3195 372 3259; x_wconf 82' lang='lat' dir='ltr'>memoria</span> <span class='ocrx_word' id='word_1_145' title='bbox 404 3195 544 3270; x_wconf 82' lang='lat' dir='ltr'>exstitit,</span> <span class='ocrx_word' id='word_1_146' title='bbox 575 3196 632 3285; x_wconf 91' lang='lat' dir='ltr'>qui</span> <span class='ocrx_word' id='word_1_147' title='bbox 656 3194 859 3258; x_wconf 83' lang='lat' dir='ltr'>vanissimum</span> <span class='ocrx_word' id='word_1_148' title='bbox 893 3217 1025 3280; x_wconf 79' lang='lat' dir='ltr'>omnem</span> <span class='ocrx_word' id='word_1_149' title='bbox 1052 3192 1142 3258; x_wconf 81' lang='lat' dir='ltr'>iliam</span> <span class='ocrx_word' id='word_1_150' title='bbox 1169 3196 1299 3285; x_wconf 83' lang='lat' dir='ltr'>opinio-</span> 
     </span>
     <span class='ocr_line' id='line_1_21' title="bbox 213 3305 1298 3399; baseline 0.002 -27"><span class='ocrx_word' id='word_1_151' title='bbox 213 3331 292 3372; x_wconf 87' lang='lat' dir='ltr'>nem</span> <span class='ocrx_word' id='word_1_152' title='bbox 320 3331 456 3372; x_wconf 86' lang='lat' dir='ltr'>censens</span> <span class='ocrx_word' id='word_1_153' title='bbox 479 3307 563 3373; x_wconf 87' lang='lat' dir='ltr'>nihil</span> <span class='ocrx_word' id='word_1_154' title='bbox 589 3305 775 3398; x_wconf 84' lang='lat' dir='ltr'>quidquam</span> <span class='ocrx_word' id='word_1_155' title='bbox 802 3306 934 3391; x_wconf 84' lang='lat' dir='ltr'>deesse,</span> <span class='ocrx_word' id='word_1_156' title='bbox 966 3306 1025 3372; x_wconf 89' lang='lat' dir='ltr'>sed</span> <span class='ocrx_word' id='word_1_157' title='bbox 1052 3309 1298 3399; x_wconf 72' lang='lat' dir='ltr'>integerrimam</span> 
     </span>
     <span class='ocr_line' id='line_1_22' title="bbox 213 3420 1298 3513; baseline 0.005 -28"><span class='ocrx_word' id='word_1_158' title='bbox 213 3422 330 3488; x_wconf 81' lang='lat' dir='ltr'>heberi</span> <span class='ocrx_word' id='word_1_159' title='bbox 357 3420 501 3486; x_wconf 83' lang='lat' dir='ltr'>subulam</span> <span class='ocrx_word' id='word_1_160' title='bbox 531 3441 564 3487; x_wconf 89' lang='lat' dir='ltr'>et</span> <span class='ocrx_word' id='word_1_161' title='bbox 588 3423 649 3486; x_wconf 91' lang='lat' dir='ltr'>sibi</span> <span class='ocrx_word' id='word_1_162' title='bbox 674 3421 895 3513; x_wconf 85' lang='lat' dir='ltr'>persuaderet</span> <span class='ocrx_word' id='word_1_163' title='bbox 931 3440 965 3488; x_wconf 89' lang='lat' dir='ltr'>et</span> <span class='ocrx_word' id='word_1_164' title='bbox 989 3423 1058 3489; x_wconf 84' lang='lat' dir='ltr'>eliis</span> <span class='ocrx_word' id='word_1_165' title='bbox 1086 3425 1236 3488; x_wconf 89' lang='lat' dir='ltr'>omnibus</span> <span class='ocrx_word' id='word_1_166' title='bbox 1261 3448 1298 3490; x_wconf 84' lang='lat' dir='ltr'>se</span> 
     </span>
     <span class='ocr_line' id='line_1_23' title="bbox 213 3536 1295 3630; baseline 0.002 -27"><span class='ocrx_word' id='word_1_167' title='bbox 213 3537 370 3603; x_wconf 84' lang='lat' dir='ltr'>erederet</span> <span class='ocrx_word' id='word_1_168' title='bbox 395 3553 459 3601; x_wconf 84' lang='lat' dir='ltr'>tem</span> <span class='ocrx_word' id='word_1_169' title='bbox 484 3536 614 3603; x_wconf 86' lang='lat' dir='ltr'>idoneis</span> <span class='ocrx_word' id='word_1_170' title='bbox 641 3540 840 3630; x_wconf 84' lang='lat' dir='ltr'>argumentis</span> <span class='ocrx_word' id='word_1_171' title='bbox 857 3563 956 3629; x_wconf 88' lang='lat' dir='ltr'>posse</span> <span class='ocrx_word' id='word_1_172' title='bbox 969 3541 1124 3630; x_wconf 82' lang='lat' dir='ltr'>probaro,</span> <span class='ocrx_word' id='word_1_173' title='bbox 1145 3555 1181 3603; x_wconf 88' lang='lat' dir='ltr'>nt</span> <span class='ocrx_word' id='word_1_174' title='bbox 1196 3563 1295 3605; x_wconf 90' lang='lat' dir='ltr'>nemo</span> 
     </span>
     <span class='ocr_line' id='line_1_24' title="bbox 212 3650 1297 3745; baseline 0.002 -29"><span class='ocrx_word' id='word_1_175' title='bbox 212 3653 280 3717; x_wconf 87' lang='lat' dir='ltr'>iem</span> <span class='ocrx_word' id='word_1_176' title='bbox 306 3668 521 3743; x_wconf 80' lang='lat' dir='ltr'>praepostera</span> <span class='ocrx_word' id='word_1_177' title='bbox 548 3650 690 3744; x_wconf 82' lang='lat' dir='ltr'>quedam</span> <span class='ocrx_word' id='word_1_178' title='bbox 714 3657 931 3745; x_wconf 80' lang='lat' dir='ltr'>antiquitatis</span> <span class='ocrx_word' id='word_1_179' title='bbox 959 3660 1153 3719; x_wconf 83' lang='lat' dir='ltr'>reverentia</span> <span class='ocrx_word' id='word_1_180' title='bbox 1178 3678 1297 3719; x_wconf 81' lang='lat' dir='ltr'>errare</span> 
     </span>
     <span class='ocr_line' id='line_1_25' title="bbox 214 3769 1296 3860; baseline 0.003 -28"><span class='ocrx_word' id='word_1_181' title='bbox 214 3792 289 3833; x_wconf 84' lang='lat' dir='ltr'>cnm</span> <span class='ocrx_word' id='word_1_182' title='bbox 309 3772 424 3859; x_wconf 82' lang='lat' dir='ltr'>prisca</span> <span class='ocrx_word' id='word_1_183' title='bbox 435 3784 565 3840; x_wconf 84' lang='lat' dir='ltr'>aetate,</span> <span class='ocrx_word' id='word_1_184' title='bbox 590 3788 689 3860; x_wconf 78' lang='lat' dir='ltr'>qttam</span> <span class='ocrx_word' id='word_1_185' title='bbox 715 3791 789 3831; x_wconf 87' lang='lat' dir='ltr'>cnm</span> <span class='ocrx_word' id='word_1_186' title='bbox 816 3792 905 3831; x_wconf 73' lang='lat' dir='ltr'>riona</span> <span class='ocrx_word' id='word_1_187' title='bbox 930 3769 1029 3833; x_wconf 84' lang='lat' dir='ltr'>malle</span> <span class='ocrx_word' id='word_1_188' title='bbox 1048 3794 1161 3834; x_wconf 84' lang='lat' dir='ltr'>verum</span> <span class='ocrx_word' id='word_1_189' title='bbox 1182 3769 1296 3835; x_wconf 78' lang='lat' dir='ltr'>videre</span> 
     </span>
     <span class='ocr_line' id='line_1_26' title="bbox 212 3880 1298 3977; baseline -0.002 -26"><span class='ocrx_word' id='word_1_190' title='bbox 212 3880 394 3951; x_wconf 85' lang='lat' dir='ltr'>videretur.</span> <span class='ocrx_word' id='word_1_191' title='bbox 447 3886 553 3947; x_wconf 79' lang='lat' dir='ltr'>Tanta</span> <span class='ocrx_word' id='word_1_192' title='bbox 579 3884 665 3948; x_wconf 89' lang='lat' dir='ltr'>enim</span> <span class='ocrx_word' id='word_1_193' title='bbox 692 3906 758 3948; x_wconf 88' lang='lat' dir='ltr'>non</span> <span class='ocrx_word' id='word_1_194' title='bbox 783 3882 942 3949; x_wconf 80' lang='lat' dir='ltr'>consulite</span> <span class='ocrx_word' id='word_1_195' title='bbox 968 3883 1093 3977; x_wconf 75' lang='lat' dir='ltr'>alioqui</span> <span class='ocrx_word' id='word_1_196' title='bbox 1120 3884 1298 3951; x_wconf 85' lang='lat' dir='ltr'>confiden-</span> 
     </span>
     <span class='ocr_line' id='line_1_27' title="bbox 213 3996 1296 4091; baseline 0.003 -28"><span class='ocrx_word' id='word_1_197' title='bbox 213 3998 372 4065; x_wconf 80' lang='lat' dir='ltr'>tiasuam</span> <span class='ocrx_word' id='word_1_198' title='bbox 395 3999 588 4065; x_wconf 81' lang='lat' dir='ltr'>sententium</span> <span class='ocrx_word' id='word_1_199' title='bbox 612 3997 653 4062; x_wconf 84' lang='lat' dir='ltr'>F.</span> <span class='ocrx_word' id='word_1_200' title='bbox 674 3996 714 4062; x_wconf 86' lang='lat' dir='ltr'>G.</span> <span class='ocrx_word' id='word_1_201' title='bbox 740 3999 777 4062; x_wconf 79' lang='lat' dir='ltr'>E.</span> <span class='ocrx_word' id='word_1_202' title='bbox 802 3998 931 4064; x_wconf 88' lang='lat' dir='ltr'>Rostius</span> <span class='ocrx_word' id='word_1_203' title='bbox 957 4001 1180 4091; x_wconf 83' lang='lat' dir='ltr'>pronuntiavit</span> <span class='ocrx_word' id='word_1_204' title='bbox 1206 3999 1296 4066; x_wconf 87' lang='lat' dir='ltr'>edito</span> 
     </span>
     <span class='ocr_line' id='line_1_28' title="bbox 214 4110 1298 4204; baseline 0.004 -25"><span class='ocrx_word' id='word_1_205' title='bbox 214 4140 241 4179; x_wconf 82' lang='lat' dir='ltr'>n.</span> <span class='ocrx_word' id='word_1_206' title='bbox 262 4115 350 4183; x_wconf 85' lang='grc'><strong>1811</strong></span> <span class='ocrx_word' id='word_1_207' title='bbox 373 4113 598 4180; x_wconf 75' lang='lat' dir='ltr'>Plautium-um</span> <span class='ocrx_word' id='word_1_208' title='bbox 614 4110 842 4204; x_wconf 88' lang='lat' dir='ltr'>Cupediorum</span> <span class='ocrx_word' id='word_1_209' title='bbox 867 4113 994 4182; x_wconf 86' lang='lat' dir='ltr'>ferculo</span> <span class='ocrx_word' id='word_1_210' title='bbox 1019 4115 1166 4183; x_wconf 88' lang='lat' dir='ltr'>seeundo</span> <span class='ocrx_word' id='word_1_211' title='bbox 1194 4116 1298 4202; x_wconf 90' lang='lat' dir='ltr'>(nunc</span> 
     </span>
     <span class='ocr_line' id='line_1_29' title="bbox 213 4228 1298 4324; baseline 0.004 -30"><span class='ocrx_word' id='word_1_212' title='bbox 213 4228 337 4321; x_wconf 89' lang='lat' dir='ltr'>Opusc.</span> <span class='ocrx_word' id='word_1_213' title='bbox 364 4229 466 4297; x_wconf 85' lang='lat' dir='ltr'>Plant.</span> <span class='ocrx_word' id='word_1_214' title='bbox 493 4229 518 4310; x_wconf 86' lang='lat' dir='ltr'>I,</span> <span class='ocrx_word' id='word_1_215' title='bbox 544 4255 576 4320; x_wconf 92' lang='lat' dir='ltr'>p.</span> <span class='ocrx_word' id='word_1_216' title='bbox 610 4230 678 4298; x_wconf 86' lang='lat'>108</span> <span class='ocrx_word' id='word_1_217' title='bbox 701 4235 804 4322; x_wconf 83' lang='lat' dir='ltr'>sqq.).</span> <span class='ocrx_word' id='word_1_218' title='bbox 854 4229 956 4297; x_wconf 89' lang='lat' dir='ltr'>Cuius</span> <span class='ocrx_word' id='word_1_219' title='bbox 991 4231 1195 4324; x_wconf 82' lang='lat' dir='ltr'>integerrimi</span> <span class='ocrx_word' id='word_1_220' title='bbox 1234 4232 1298 4298; x_wconf 80' lang='lat' dir='ltr'>siri</span> 
     </span>
     <span class='ocr_line' id='line_1_30' title="bbox 212 4343 1297 4437; baseline 0.003 -27"><span class='ocrx_word' id='word_1_221' title='bbox 212 4366 280 4410; x_wconf 89' lang='lat' dir='ltr'>non</span> <span class='ocrx_word' id='word_1_222' title='bbox 305 4368 441 4437; x_wconf 88' lang='lat' dir='ltr'>possum</span> <span class='ocrx_word' id='word_1_223' title='bbox 468 4347 548 4436; x_wconf 90' lang='lat' dir='ltr'>quin</span> <span class='ocrx_word' id='word_1_224' title='bbox 575 4368 710 4410; x_wconf 91' lang='lat' dir='ltr'>omnem</span> <span class='ocrx_word' id='word_1_225' title='bbox 734 4343 991 4436; x_wconf 82' lang='lat' dir='ltr'>disputationem</span> <span class='ocrx_word' id='word_1_226' title='bbox 1017 4349 1092 4412; x_wconf 84' lang='lat' dir='ltr'>setis</span> <span class='ocrx_word' id='word_1_227' title='bbox 1119 4371 1190 4412; x_wconf 87' lang='lat' dir='ltr'>esse</span> <span class='ocrx_word' id='word_1_228' title='bbox 1214 4345 1297 4413; x_wconf 80' lang='lat' dir='ltr'>levi-</span> 
     </span>
     <span class='ocr_line' id='line_1_31' title="bbox 212 4459 1293 4557; baseline -0.001 -30"><span class='ocrx_word' id='word_1_229' title='bbox 212 4480 264 4527; x_wconf 88' lang='lat' dir='ltr'>ter</span> <span class='ocrx_word' id='word_1_230' title='bbox 300 4461 481 4526; x_wconf 81' lang='lat' dir='ltr'>institutam</span> <span class='ocrx_word' id='word_1_231' title='bbox 517 4459 673 4526; x_wconf 90' lang='lat' dir='ltr'>iudicem.</span> <span class='ocrx_word' id='word_1_232' title='bbox 724 4460 782 4525; x_wconf 86' lang='lat' dir='ltr'>Est</span> <span class='ocrx_word' id='word_1_233' title='bbox 819 4479 926 4528; x_wconf 85' lang='lat' dir='ltr'>autem</span> <span class='ocrx_word' id='word_1_234' title='bbox 953 4487 991 4527; x_wconf 89' lang='lat' dir='ltr'>ea</span> <span class='ocrx_word' id='word_1_235' title='bbox 1017 4462 1188 4557; x_wconf 82' lang='lat' dir='ltr'>tripartite.</span> <span class='ocrx_word' id='word_1_236' title='bbox 1239 4463 1293 4527; x_wconf 84' lang='lat' dir='ltr'>Ab</span> 
     </span>
    </p>
   </div>
   <div class='ocr_carea' id='block_1_6' title="bbox 219 4627 492 4645">
    <p class='ocr_par' dir='ltr' id='par_1_6' title="bbox 219 4627 492 4645">
     <span class='ocr_line' id='line_1_32' title="bbox 219 4627 492 4645; baseline -0.004 -4"><span class='ocrx_word' id='word_1_237' title='bbox 219 4627 492 4645; x_wconf 48' lang='lat' dir='ltr'>*n*</span> 
     </span>
    </p>
   </div>
   <div class='ocr_carea' id='block_1_7' title="bbox 176 4702 682 4772">
    <p class='ocr_par' dir='ltr' id='par_1_7' title="bbox 176 4702 682 4772">
     <span class='ocr_line' id='line_1_33' title="bbox 176 4702 682 4772; baseline -0.006 -13"><span class='ocrx_word' id='word_1_238' title='bbox 176 4734 180 4740; x_wconf 91' lang='lat'>·</span> <span class='ocrx_word' id='word_1_239' title='bbox 262 4702 288 4769; x_wconf 77' lang='lat'>⁰)</span> <span class='ocrx_word' id='word_1_240' title='bbox 311 4702 366 4754; x_wconf 82' lang='lat' dir='ltr'>vit.</span> <span class='ocrx_word' id='word_1_241' title='bbox 389 4719 465 4770; x_wconf 76' lang='lat' dir='ltr'>supin</span> <span class='ocrx_word' id='word_1_242' title='bbox 485 4718 511 4772; x_wconf 84' lang='lat' dir='ltr'>p.</span> <span class='ocrx_word' id='word_1_243' title='bbox 531 4703 583 4758; x_wconf 77' lang='lat'>278</span> <span class='ocrx_word' id='word_1_244' title='bbox 602 4703 682 4757; x_wconf 78' lang='lat' dir='ltr'>diets.</span> 
     </span>
    </p>
   </div>
   <div class='ocr_carea' id='block_1_8' title="bbox 0 0 1414 5332">
    <p class='ocr_par' dir='ltr' id='par_1_8' title="bbox 0 0 1414 5332">
     <span class='ocr_line' id='line_1_34' title="bbox 0 0 1414 5332; baseline 0 1"><span class='ocrx_word' id='word_1_245' title='bbox 0 0 1414 5332; x_wconf 95' lang='lat' dir='ltr'> </span> 
     </span>
    </p>
   </div>
  </div>
 </body>
</html>
