2820 5332
159 689 231 760 528
470 709 515 755 tx.
566 714 609 754 oa
637 708 926 754 rnraaaonaatoua

258 882 330 954 Sed
349 889 381 951 si
403 878 473 970 [id]
500 879 688 955 dlienotar,
718 875 865 946 ‹ictunist
885 876 929 944 de
955 871 1041 945 collo'
1063 895 1165 944 meo:

158 1017 193 1071 et
217 1001 275 1080 IV,
302 1001 335 1078 Ω,
365 1000 450 1066 115:

254 1109 346 1184 Mihi
369 1110 436 1201 [id]
461 1108 742 1188 concredori'tne,
768 1111 810 1178 ni
833 1135 885 1176 me
911 1105 967 1176 ille
989 1104 1024 1176 it
1048 1131 1116 1200 ego
1143 1112 1254 1180 illum

746 1252 880 1295 nossem
904 1225 1076 1318 dpprobei

158 1369 227 1437 quo
253 1370 353 1412 versu
377 1343 482 1413 multo
508 1349 617 1416 minus
650 1346 804 1415 videmur
836 1347 882 1410 ito
915 1343 1077 1436 particula
1102 1371 1120 1411 a
1143 1346 1255 1414 nobie

157 1459 289 1541 addita,
309 1485 427 1552 ,quam
453 1479 531 1552 post
563 1458 602 1528 ni
624 1462 754 1531 adiecta
777 1441 826 1526 ab
844 1461 1037 1525 Hermanno
1063 1475 1099 1525 et
1124 1460 1253 1539 vocula

158 1601 275 1646 carere
310 1600 425 1669 posse3
470 1602 661 1670 quanquam
694 1580 735 1644 ab
775 1592 973 1645 accentuum
1018 1579 1251 1669 congruentia

155 1692 249 1759 baud
274 1695 343 1760 scio
366 1718 407 1758 an
429 1694 525 1760 etiam
548 1694 805 1786 praestet-baec
831 1717 945 1759 versus
970 1691 1094 1758 forma:

256 1804 382 1880 Mittn'
407 1805 652 1885 concredenit,
686 1813 725 1877 ni
747 1803 799 1873 mei
825 1807 881 1873 illo
906 1824 941 1873 et
963 1802 1028 1898 e'go
1056 1806 1153 1873 Mam
1180 1830 1248 1873 no·

752 1929 872 1992 vissem
895 1921 1055 2016 dpprobe.

157 2038 365 2108 Additicium
389 2043 417 2105 is
441 2039 547 2107 habes
572 2041 708 2109 sortasse
731 2043 827 2106 etiam
854 2039 896 2118 lt,
922 2043 956 2119 3,
983 2046 1025 2111 7²

257 2152 348 2223 Suari
370 2161 541 2225 senectuti
566 2153 626 2244 []
654 2155 824 2222 dertosam
848 2150 989 2221 tteme'm
1011 2171 1134 2244 porat:

156 2291 190 2339 et
214 2272 347 2365 prologi
376 2300 405 2339 v.
430 2272 453 2342 9
479 2273 520 2339 ab
548 2274 741 2339 Hermanno
765 2272 902 2365 quidem
929 2273 977 2336 sic
1003 2271 1149 2362 scripto:
1237 2340 1241 2349 ,

260 2389 294 2454 T
290 2412 347 2452 nm
372 2392 420 2453 mi
443 2385 536 2453 lto'nc
557 2389 586 2453 is
608 2400 680 2452 esse
706 2385 854 2478 grentam
876 2387 981 2452 voluit
1003 2379 1191 2475 'Inopiann

159 2530 178 2570 a
204 2503 320 2570 Plauto
348 2522 474 2584 tamen,
497 2504 558 2571 nisi
584 2500 738 2582 fallimur,
763 2505 807 2569 ita
833 2506 968 2596 potius:

260 2621 346 2687 Tum
371 2617 476 2685 illeinc
498 2619 581 2685 milti
605 2643 677 2683 esse
701 2616 848 2710 gnn'tom
875 2619 978 2684 voluit
997 2612 1180 2708 'Inopiam

254 2734 322 2803 Sed
348 2736 425 2801 satis
452 2734 496 2801 de
523 2735 573 2799 his
600 2733 744 2800 dictum:
771 2734 924 2827 adquae
950 2734 1108 2799 invitante
1138 2756 1244 2801 occa·

155 2852 249 2918 sione
286 2875 347 2916 nos
377 2852 486 2943 abripi
523 2851 612 2942 passi
645 2875 756 2916 sumus
790 2849 1077 2942 intemperantius.
1139 2848 1243 2930 Quod

155 2970 242 3034 enlm
270 2969 324 3034 bic
350 2969 473 3060 agitur,
501 2967 566 3034 hoc
592 2985 650 3046 est,
679 2985 715 3033 ut
740 2965 782 3031 de
808 2993 835 3032 v.
862 2964 908 3037 ‘26
935 2984 1103 3033 statuatur.
1154 2965 1244 3032 Eum

157 3086 204 3149 sic
230 3085 390 3175 scriptum
417 3081 495 3148 libri
518 3080 559 3149 ad
586 3109 687 3149 uuum
715 3107 831 3150 omnes
857 3084 1034 3149 exhibent:

263 3200 342 3290 Qun
365 3204 550 3291 sponsione
570 3224 746 3291 pronuper
770 3216 806 3264 tn
832 3216 973 3265 exactus
998 3224 1044 3264 cs.

157 3313 346 3380 inauditum
378 3339 544 3407 sanaeque
576 3309 711 3380 rationis
751 3313 851 3408 plane
887 3340 1007 3407 expers
1042 3313 1242 3382 vocabulum

153 3453 328 3523 pronuper
352 3448 386 3495 ut
412 3428 545 3497 tolleret
569 3428 738 3497 Acidalius
774 3433 1000 3522 proponebat,
1036 3455 1104 3523 qna
1139 3431 1240 3497 simul

160 3548 195 3611 iu
223 3567 306 3637 quas
339 3562 480 3610 mutato:
511 3545 605 3635 Quas
626 3549 810 3637 sponsione
824 3568 889 3636 pro
915 3569 1024 3637 nuper
1045 3563 1081 3611 tn
1098 3561 1243 3611 exactus

157 3685 214 3738 es,
254 3661 358 3753 idque
389 3660 525 3726 Bothius
551 3662 681 3753 recepit
707 3685 932 3728 numerorum·
950 3661 1240 3727 emendandorum

158 3803 271 3846 caussa
294 3779 342 3844 sic
370 3777 480 3841 verbis
507 3778 731 3868 transpositis:
772 3778 866 3868 Quas
900 3772 1084 3869 sponsione
1105 3770 1171 3868 pro'
1200 3793 1238 3841 tu

156 3911 301 3960 exactus
327 3885 435 3984 nu'pev
457 3916 512 3957 cs:
546 3918 646 3985 prava
675 3911 814 3986 uterque
842 3918 904 3960 nec
931 3891 1000 3959 ullo
1027 3910 1125 3985 pacto
1153 3891 1239 3958 tole-

154 4008 253 4076 rabili
281 4006 500 4075 collocatione
528 4008 812 4099 praepositiouis„
853 4008 942 4098 Ergo
980 4006 1043 4074 bac
1080 4005 1240 4073 audacter

155 4123 290 4217 expulsa
317 4125 357 4189 ab
386 4124 474 4188 hiatu
500 4122 548 4188 sic
576 4125 901 4190 cavitHermannus:
932 4125 1027 4215 Quen
1051 4119 1239 4216 sponsione

157 4235 265 4332 nn'per
290 4256 326 4305 tu
354 4239 415 4304 illa
441 4236 582 4303 exortus
608 4263 651 4302 es.
704 4239 746 4303 Et
770 4237 853 4304 illud
880 4239 1036 4331 quidem,
1062 4264 1147 4332 qnos
1174 4264 1239 4305 nu-

151 4379 215 4447 per
240 4371 381 4420 exoctns
407 4377 466 4433 es,
496 4352 578 4445 quid
596 4354 659 4418 sibi
687 4351 765 4419 velit
792 4374 825 4420 et
851 4380 915 4446 qua
942 4359 1068 4423 ratione
1096 4357 1240 4436 dicatur,

153 4472 339 4563 perspicio:
365 4467 425 4533 sed
451 4467 540 4533 idem
562 4467 729 4533 adiectum
749 4475 933 4560 sponsione
949 4471 1128 4539 ablativum
1151 4480 1240 4545 scire

152 4583 317 4682 pervelim
343 4582 514 4676 quomodo
541 4584 615 4675 quis
641 4586 901 4676 interpretetur,
938 4613 1038 4680 quern
1075 4593 1128 4654 vix
1155 4613 1240 4685 puto

156 4702 295 4794 abipso
329 4725 418 4768 nuuc
446 4699 635 4768 Hermanno
662 4698 815 4767 defendi.
865 4701 938 4772 Nec
970 4705 1095 4773 rectius
1130 4733 1242 4800 gram-
