2820 5332
236 727 309 795 552
545 749 588 789 tx.
640 748 682 789 ue
708 744 997 790 tursaaottrtoaa

235 945 393 1013 praesens
419 918 553 984 delecto
578 916 786 1010 requirebat)
817 934 851 982 et
885 918 1046 1008 proximis
1078 916 1152 1000 filio
1178 916 1263 982 dum
1289 922 1329 984 in

236 1053 271 1101 et
293 1035 377 1125 filio.
428 1033 576 1125 Reliquis
603 1032 698 1099 libris
724 1057 814 1098 nunc
836 1031 967 1099 aceedit
992 1034 1242 1100 Ambrosianus.
1294 1037 1329 1102 Is

236 1152 346 1220 codex
374 1178 411 1218 ea
438 1175 522 1242 quae
550 1167 801 1241 consequuntur
828 1151 862 1214 in
891 1150 977 1214 hanc
1003 1149 1141 1215 sormam
1161 1148 1331 1242 disposita

237 1269 387 1335 exhibet:

381 1401 1090 1458 aarontsmcasrouttartaratnmeaentrua

384 1518 995 1571 cunnouoonntrosraetuuouesmut

385 1632 979 1688 rotQutrQoauuontcurtoorraataa

383 1749 532 1803 onerante
547 1773 571 1788 ..
584 1747 1109 1790 utearaemrantuuusnuoarau

233 1847 333 1922 Mira,
359 1839 417 1907 sed
443 1839 562 1904 eadem
585 1863 652 1904 non
681 1837 814 1904 indocta
841 1864 993 1903 versuum
1020 1837 1234 1905 distinctione
1264 1841 1325 1906 ali-

225 1960 364 2052 ·quotics
390 1956 629 2021 Ambrosianus
653 1956 764 2018 utitur.
822 1953 925 2019 Velut
958 1955 1060 2020 Stichi
1084 1958 1213 2020 initium
1243 1957 1325 2021 alibi

234 2091 368 2140 testatus
395 2096 467 2138 sum
494 2072 545 2136 his
570 2069 665 2134 illum
687 2068 816 2161 pusillis
842 2072 1001 2135 membris
1023 2069 1217 2162 disposuere
1245 2074 1324 2138 satis

235 2188 462 2281 singulariter:

531 2299 644 2366 Credo
671 2325 736 2389 ego
760 2306 916 2366 miseram

468 2462 471 2467 ·
533 2417 653 2482 Fuisse
677 2416 901 2507 Penelopam,

531 2531 665 2606 Soror,
689 2555 750 2595 suo
778 2556 822 2596 ex
846 2537 975 2606 anima,

535 2648 632 2735 Quae
657 2663 728 2711 tam
752 2645 810 2711 diu
839 2648 939 2712 vidua

531 2763 616 2831 Viro
642 2784 702 2826 suo
732 2767 851 2827 caruit.

529 2878 620 2944 Nam
646 2901 709 2942 nos
735 2883 807 2942 eius
832 2883 982 2944 animum
1006 2916 1071 2945 -.

239 2989 429 3058 Charmidis
454 3008 563 3057 autem
589 2993 692 3058 verba
718 2992 745 3057 si
770 2992 859 3057 idem
888 2994 944 3059 ille
972 2997 1038 3061 sive
1063 2995 1217 3062 librarius
1252 3001 1324 3065 sive

236 3107 463 3198 grammaticus
488 3107 663 3173 trochaicis
698 3105 850 3172 dimetris
878 3107 1058 3175 decurrere
1084 3110 1238 3192 voluerit,
1264 3139 1327 3205 pa-

236 3246 311 3287 rum
334 3221 485 3312 profecto
510 3221 751 3314 intelligamus,
791 3248 851 3288 eur
876 3223 916 3288 ad
945 3226 1004 3291 hos
1031 3227 1140 3292 subito
1171 3233 1325 3308 transire,

238 3362 338 3428 quam
363 3338 449 3401 binis
485 3339 679 3402 consociatis
706 3337 858 3403 maluisse
884 3358 1092 3408 tetrametros
1122 3344 1319 3410 continuare

237 3469 372 3545 poetam
401 3452 557 3519 dieamus.
615 3451 686 3518 Sed
711 3454 774 3517 nisi
802 3457 911 3520 omnia
937 3444 991 3522 me
1019 3457 1156 3538 fallunt,
1186 3461 1324 3524 minime

238 3565 298 3631 ille
332 3591 395 3656 pro
431 3569 608 3635 trochaicis
642 3569 780 3652 habuit,
809 3569 869 3635 sed
903 3596 965 3663 pro
997 3591 1172 3665 systemate
1209 3575 1325 3665 potius

239 3683 448 3774 anapaestico
460 3709 467 3747 ε

337 3797 399 3864 Set
425 3794 499 3893 queis
524 3799 579 3864 hie
605 3815 668 3875 est,
694 3805 754 3893 qui
774 3804 809 3865 in
833 3801 985 3893 plateam
1011 3797 1210 3892 ingreditur

342 3913 427 3978 Cum
452 3938 539 3980 novo
566 3910 693 3983 tirnatu
718 3896 891 4011 aperuique
917 3917 1041 3983 simul?

337 4027 416 4103 Pol,
442 4028 637 4123 quanquam
663 4028 757 4096 domi
777 4036 892 4122 cupio,
916 4027 1088 4123 dpperiar,

391 4144 502 4232 Quam
526 4145 580 4211 lu'e
605 4140 676 4212 re'm
700 4165 803 4236 gerat
827 4151 976 4212 animum
1003 4144 1190 4215 advdrtam.

238 4256 365 4324 Vltima
391 4261 479 4325 enim
514 4287 608 4326 versu
642 4262 722 4329 duas
757 4265 936 4354 scripturas
967 4280 1052 4354 agat
1079 4284 1111 4330 et
1135 4281 1240 4353 gerat
1263 4292 1330 4359 ap-

238 4388 337 4465 paret
353 4373 532 4458 coaluisse3
555 4375 657 4443 altero
682 4396 789 4444 autem
811 4403 909 4458 noro,
936 4379 1220 4472 quemadmodum
1243 4380 1330 4448 alibi

237 4510 302 4581 pro
331 4514 395 4554 una
428 4489 552 4583 syllaba
587 4511 657 4573 est,
695 4496 737 4558 ita
763 4495 844 4560 nihil
871 4495 1012 4588 impedit
1035 4498 1212 4590 quominus
1244 4517 1328 4567 aute

238 4602 384 4688 vocalem
409 4630 472 4698 pro
491 4607 579 4674 nulla
602 4611 652 4685 sit,
678 4626 715 4674 ut
734 4610 851 4676 similia
873 4614 1030 4677 sescentis
1050 4611 1224 4704 exemplis.
1253 4611 1330 4681 Sed

238 4736 358 4799 tamen,
384 4726 593 4815 quantumvis
620 4750 684 4819 per
709 4749 744 4790 se
772 4727 850 4793 honi
879 4730 945 4794 sint
973 4726 1139 4808 versiculi,
1166 4726 1330 4799 dubitare
