2820 5332
439 680 605 722 rnturntrr
630 677 822 724 rntrrrnte.
1106 659 1176 729 533
1200 723 1203 732 ,

96 846 162 926 liat,
189 861 221 911 et
246 846 368 912 finitius
393 847 540 940 quidem,
567 848 745 916 Lesbonici
770 873 921 917 sororem
947 849 1074 917 ducere
1089 846 1178 916 ¹curn

96 963 226 1053 accepti
252 962 322 1055 agri
349 981 382 1029 et
407 962 611 1055 pessumdati
636 967 733 1032 amici
750 964 961 1043 contumelia,
987 966 1059 1032 lue.
1084 987 1176 1032 sane:

98 1082 132 1143 si
153 1075 214 1142 abs
239 1093 274 1143 te
299 1102 421 1168 agrum
447 1084 644 1170 occeperint.
696 1119 747 1137 -
791 1079 919 1164 Quodsi
945 1083 998 1146 cui
1024 1098 1090 1147 tota
1114 1081 1178 1147 bac

98 1194 349 1260 ratiocinatione
376 1211 487 1260 nostrn
513 1193 662 1263 noudum
688 1196 887 1263 satisfactum
909 1197 970 1272 sit,
992 1221 1082 1263 nune
1107 1221 1178 1262 rem

99 1306 199 1401 longe
226 1308 446 1399 gravissimam
475 1309 629 1402 accipiat,
657 1313 748 1378 cuius
774 1335 850 1379 curn
875 1309 965 1376 nulls
990 1309 1080 1403 apud
1107 1309 1180 1375 edi·

99 1440 189 1489 tores
215 1426 339 1489 mentio
364 1423 442 1504 liat,
468 1425 516 1489 ris
541 1441 649 1492 tamen
677 1443 857 1505 nonest,
891 1445 928 1493 ut
953 1427 1180 1494 controversia

101 1546 207 1612 omnis
240 1559 355 1609 nostro
390 1542 530 1634 quidem
554 1542 679 1612 iudicio
710 1566 848 1638 prorsus
875 1543 1060 1614 dirimatur.
1109 1544 1179 1610 Nc-

99 1685 166 1753 que
190 1659 279 1724 enirn
305 1656 348 1724 nd
374 1657 449 1724 illos
473 1674 611 1738 tantum,
636 1658 824 1752 dequibus
849 1661 985 1749 egimus,
1014 1677 1083 1724 tres
1107 1680 1180 1723 rer·

99 1797 153 1839 sus
178 1773 307 1839 iteratio
331 1773 489 1865 pertinet,
516 1771 575 1838 sed
603 1772 648 1838 ad
673 1797 730 1840 eos
754 1797 901 1865 quoque,
929 1775 987 1866 qni
1014 1798 1087 1840 cum
1112 1769 1178 1837 illis

99 1890 215 1981 priore
233 1889 267 1952 in
288 1886 364 1954 loco
390 1889 558 1955 coniuncti
584 1906 694 1954 extant
719 1887 775 1957 60.
799 1888 856 1958 61.
883 1887 942 1956 66.
970 1886 1026 1956 63.
1047 1887 1104 1958 64.
1131 1885 1178 1954 65

102 2003 231 2089 (Tanto
257 2003 390 2068 meliust
424 2050 570 2069 .....
609 2029 716 2098 usque
742 2003 786 2069 ad
811 2003 970 2071 Siccine
995 2003 1076 2069 dote
1101 2052 1109 2068 .
1134 2049 1143 2067 .
1169 2049 1178 2068 .

99 2117 173 2204 ..)‚
206 2119 327 2212 partim
351 2119 504 2213 Lysiteli,
530 2121 651 2214 partim
677 2120 866 2187 Lesbonico
891 2121 1005 2186 tributi
1027 2147 1044 2186 a
1069 2138 1180 2212 poeta.

101 2235 192 2315 Quos
216 2259 273 2301 sex
308 2259 423 2302 versus
455 2251 487 2300 et
518 2259 578 2301 suo
612 2233 687 2303 loco
720 2236 847 2328 positos
881 2255 914 2303 et
939 2251 1015 2328 post
1049 2235 1180 2302 Stasimi

98 2374 229 2416 versum
255 2351 303 2419 82
331 2349 426 2435 (Non
451 2355 541 2416 euim
564 2375 731 2442 possum.
758 2399 768 2416 .
795 2349 846 2435 ..)
872 2352 1035 2443 repetitos
1063 2351 1181 2442 optimi

101 2466 387 2557 antiquissimique
412 2463 493 2530 libri
519 2466 700 2545 exhibent,
726 2466 909 2532 Camerarii
936 2484 1076 2559 uterque
1103 2489 1180 2532 cum

97 2580 285 2646 Vrsiniano.
346 2579 446 2646 Vnde
481 2579 762 2647 evidentissimum
799 2605 871 2647 esse
904 2598 1078 2672 putamus,
1115 2603 1180 2645 nnn

102 2693 287 2788 eademqne
310 2696 564 2787 perturbatione
591 2720 710 2763 novem
728 2720 842 2762 versus
866 2696 1039 2762 continuos
1056 2694 1121 2782 (60
1137 2694 1180 2762 ad
1254 2774 1256 2779 Ι

100 2808 162 2895 68)
190 2809 263 2882 solo
285 2834 363 2876 casu
387 2809 671 2904 librariorumque
700 2812 825 2879 incuria
846 2836 1025 2903 perperam
1043 2812 1179 2877 iteratos

101 2950 184 3005 esse,
211 2950 400 3017 quanquam
425 2924 556 2992 duobus
582 2925 666 2992 locis
693 2923 894 3019 dispertitos.
947 2924 1046 3008 Quod
1071 2926 1180 3018 ipsum

100 3043 225 3107 erroris
252 3065 356 3131 genus
379 3049 448 3107 non
464 3039 610 3133 singulis,
637 3038 816 3108 seridonis
839 3040 975 3108 aliarum
995 3039 1182 3107 fabularum

102 3154 264 3247 exemplis
283 3173 543 3222 commonstrare
569 3154 657 3222 lieet.
696 3158 782 3224 Natn
802 3154 895 3248 quod
913 3181 972 3222 sex
994 3155 1042 3221 illi
1066 3178 1181 3222 versus

99 3273 231 3364 priores
258 3270 332 3364 (qui
357 3268 461 3338 altero
487 3269 563 3337 loco
588 3271 795 3351 posteriores
820 3269 911 3356 sunt)
942 3273 979 3336 in
1012 3271 1180 3364 lipsiensi

98 3386 216 3455 codice
242 3404 274 3453 et
304 3384 450 3452 editione
485 3388 645 3479 principe
667 3410 737 3454 non
762 3389 844 3454 item
871 3406 905 3455 ut
926 3389 963 3453 in
984 3386 1182 3479 antiquiori·

98 3504 161 3569 bus
188 3501 302 3581 libris,
330 3520 365 3569 et
388 3520 424 3568 ut
445 3500 571 3594 reliqui
597 3519 683 3582 tres,
720 3503 904 3584 iterantur,
929 3501 966 3570 id
989 3501 1182 3570 facillimum

99 3618 300 3712 explicatum
325 3618 427 3685 babet
453 3637 488 3687 et
511 3635 659 3685 nostram
689 3621 886 3687 sententiam
921 3619 1095 3686 confirmat
1119 3641 1183 3709 po-

100 3735 163 3800 tius
189 3759 289 3828 quam
314 3733 474 3800 debilitat.
531 3734 663 3801 Etenim
688 3736 744 3802 isti
770 3734 910 3827 quidem
935 3756 1049 3800 versus
1074 3748 1108 3799 et
1130 3755 1182 3812 eo,

101 3873 168 3941 quo
194 3851 301 3916 iterati
325 3848 543 3942 legebantur,
580 3867 613 3915 et
638 3852 757 3941 quovis
781 3849 848 3914 elio
872 3847 950 3914 loeo
973 3871 1041 3913 non
1062 3866 1181 3939 potne-

100 3985 179 4031 runt
202 3988 270 4030 non
295 3983 359 4030 tant
385 3965 522 4031 absurdi
548 3968 724 4056 insanique
750 3963 867 4044 rideri,
896 3982 930 4030 nt
951 3987 1019 4031 non
1036 3963 1182 4029 reille-

100 4079 174 4147 rula
202 4096 236 4146 et
262 4079 361 4146 Italus
387 4079 445 4146 ille
477 4079 713 4172 interpolator,
752 4080 805 4144 eui
836 4081 1032 4173 Lipsiensis
1055 4078 1181 4147 codicis

100 4196 255 4262 recensio
283 4192 436 4276 debetur,
459 4196 531 4261 sine
557 4194 625 4261 ulla
650 4193 859 4263 dubitatione
881 4220 937 4263 eos
956 4194 1182 4290 expellerent,

103 4313 249 4403 quamvis
275 4312 409 4378 servetis
433 4311 538 4377 tribus
572 4310 638 4376 illis
669 4310 802 4391 alteris,
840 4315 900 4405 qui
933 4311 1048 4406 aliquo
1078 4311 1182 4380 modo

101 4425 295 4493 tolerabiles
321 4425 429 4492 rideri
456 4443 623 4519 poterant.
667 4425 735 4495 Sed
760 4445 978 4521 utrorumque
1003 4447 1039 4496 ut
1064 4430 1184 4497 condi-

103 4544 156 4607 cio
185 4559 217 4608 et
242 4544 346 4635 origo,
372 4541 416 4608 ita
434 4543 620 4608 necessario
644 4544 826 4609 eommunis
841 4545 1085 4614 condemnatio.
1111 4545 1184 4614 Nec

103 4682 295 4752 quenquam
320 4657 434 4750 lugere
458 4675 589 4752 potest,
615 4683 716 4752 quom
741 4684 884 4727 nervose
907 4661 972 4730 boe
994 4685 1091 4730 rerstt
1116 4664 1182 4757 Ly-
