2820 5332
496 683 660 727 ratntunt
688 682 882 728 rttvrtnae.
1163 653 1235 726 543

261 853 358 932 Sero,
385 869 486 944 atque
510 852 626 935 stulte,
649 857 745 944 prius
769 850 862 943 quod
886 869 1021 918 cautum
1043 857 1203 946 oportuit,

257 969 444 1061 Postquam
469 967 614 1033 comedit
639 991 724 1043 rem,
746 984 825 1061 post
851 973 1022 1034 rationem
1043 984 1154 1061 putat.

160 1083 318 1150 Nondum
352 1102 461 1150 tamen
490 1084 690 1158 satisfactum
724 1102 774 1151 est
804 1085 1004 1157 Lesbonico,
1040 1084 1099 1176 qui
1129 1085 1237 1152 acrius

160 1198 284 1265 instans
309 1200 363 1266 Ne
386 1222 552 1291 quaquam
569 1201 614 1265 ait
638 1204 781 1290 argenti
803 1203 892 1265 ratio
914 1215 1086 1292 comparet
1112 1214 1237 1266 tamen.

159 1315 211 1381 Ibi
238 1316 336 1409 igitur
352 1336 355 1340 ·
370 1339 484 1380 servus
517 1313 646 1381 nullum
670 1317 736 1381 iem
760 1315 924 1409 refugium
944 1314 1099 1383 relictum
1123 1314 1264 1413 videns*

105 1424 110 1432 ’
161 1428 204 1495 ad
236 1433 399 1497 rationem
432 1429 621 1522 singillatim
653 1429 865 1499 reddendam
899 1430 1102 1506 descendit,
1137 1456 1240 1524 quam

160 1543 260 1611 nullis
287 1544 457 1612 declinare
478 1545 606 1613 facetiis
631 1549 753 1641 potuit,
780 1572 906 1614 summa
931 1565 1041 1614 autem
1067 1547 1241 1615 conliden-

162 1662 206 1726 tie
233 1684 380 1739 exorsus,
402 1685 479 1726 mox
504 1661 694 1728 felicissimo
721 1686 797 1728 casu
814 1687 893 1728 usus
906 1661 1068 1730 Philtonis
1095 1662 1241 1731 adventu

161 1773 515 1867 interpellatum—Et
541 1777 602 1842 liae
627 1775 762 1869 quidem
788 1777 910 1844 horum
934 1803 1127 1845 sermonum
1147 1804 1241 1846 ceus-

162 1915 217 1957 sae
246 1910 278 1957 et
305 1891 530 1958 successiones
556 1919 656 1985 quam
682 1893 747 1960 sint
762 1891 912 1959 Plautina
933 1911 1001 1960 arte
1019 1893 1151 1988 dignae,
1175 1913 1242 1961 tam

162 2029 325 2096 apparere
346 2030 402 2072 sua
428 2024 547 2098 sponte
572 2027 681 2100 puto,
709 2025 744 2074 ut
767 2043 815 2054 —
840 2009 982 2074 verbum
1006 2034 1075 2076 non
1100 2008 1241 2102 emplius
1295 1996 1304 2015 ⁴

164 2118 297 2192 addam.

684 2321 725 2387 II.

283 2465 458 2537 Praeclara
477 2488 527 2535 est
551 2470 739 2535 Trinummi
764 2470 823 2550 IV,
852 2473 869 2537 1
895 2466 1027 2537 reducis
1055 2467 1245 2535 Charmidis

164 2581 352 2676 gratulatio,
387 2585 584 2678 gravissimis
618 2609 656 2651 ea
691 2586 1023 2678 concitatissimisque
1067 2584 1245 2650 octonariis

163 2702 360 2793 perscripta.
419 2702 509 2784 Quos
535 2724 650 2768 veluus
677 2718 714 2766 ut
736 2703 871 2796 penitus
897 2701 1016 2766 senties
1043 2697 1133 2792 quali
1157 2697 1247 2764 iudi-

164 2817 215 2882 cio
239 2820 381 2907 pessime
403 2839 540 2882 currere
568 2815 711 2896 dixerit,
745 2817 803 2909 qui
829 2817 913 2883 mire
941 2841 1037 2908 sagax
1063 2812 1246 2907 interpola-

165 2933 293 2998 tionum
319 2935 497 3025 vestigator
523 2934 647 3014 extitit,
681 2950 781 3000 totum
807 2957 942 3000 scenam
967 2929 1052 2996 infra
1074 2928 1246 3021 posuimus

164 3047 369 3114 emendatius
396 3049 561 3141 scriptam.
1090 3136 1094 3144 Ι

263 3162 494 3257 Sdlsipotenti
516 3179 551 3230 et
576 3156 808 3252 nialltipotenti
834 3157 930 3229 Io'vis
946 3164 1065 3249 fratri
1088 3152 1246 3226 aetherei

653 3280 814 3371 Neptuno

265 3389 392 3463 Lucitas
407 3393 525 3461 lubens
542 3389 660 3460 laude's
675 3416 759 3484 ago,
783 3408 906 3482 gratas
930 3389 1108 3484 gratisque
1123 3389 1245 3467 liabeo,

658 3525 692 3574 et
703 3501 872 3600 flu'ctt'bus
895 3506 1009 3582 salsis,

269 3619 364 3716 Quo's
384 3647 491 3717 penes
523 3626 591 3688 mei
617 3618 692 3709 fuit
718 3639 898 3715 potestas,
932 3617 1031 3688 bo'nis
1061 3623 1145 3685 mers
1166 3617 1248 3712 quid

644 3743 749 3828 foret
771 3734 805 3804 dt
829 3761 924 3805 eneae
953 3741 1057 3809 vitae,

267 3852 376 3946 Quo'm
389 3860 457 3922 suis
474 3879 525 3921 nte
543 3879 589 3922 ex
607 3853 691 3922 locis
708 3860 745 3920 in
763 3859 915 3947 patriam
931 3874 1035 3941 usqae
1060 3842 1176 3914 droam
1191 3851 1245 3914 in-

656 3970 819 4035 columem
844 3962 1002 4034 rdducem
1016 3966 1172 4051 faciunt.

217 4086 240 4152 5
265 4078 386 4178 'Atque
412 4086 476 4154 tibi
496 4109 582 4176 ego,
605 4077 788 4176 Neptdne,
812 4099 896 4148 ante
920 4080 1008 4147 alios
1028 4073 1111 4146 de'os
1132 4082 1246 4170 gratis

653 4212 848 4291 aguntque
872 4195 981 4263 lidbeo
1005 4217 1162 4262 summas.

265 4313 359 4384 Na‘m
384 4331 417 4382 te
440 4339 557 4383 omnes
572 4310 1015 4408 saevquaeseverumque,
1040 4309 1151 4380 datdts
1175 4335 1246 4378 mo-

659 4424 752 4497 ribu's
776 4444 1052 4512 commemorant,
1093 4481 1112 4521 ·.

267 4538 508 4638 Spdrcisicum,
539 4552 741 4623 immanem,
765 4541 1043 4622 intolerandum,
1070 4540 1245 4612 vdsanutm

657 4684 723 4754 ego
748 4678 873 4730 contra
895 4656 1001 4754 dpera
1023 4675 1195 4755 repertun
