2820 5332
219 718 290 787 350
459 741 487 780 v.
513 740 555 782 ne
579 738 684 785 acrae
708 742 872 788 rasurum
897 743 1062 791 rurore.

219 914 347 992 faciam,
373 910 400 979 si
425 913 505 1005 ipsis
533 913 637 981 oculis
663 938 872 1009 proposuero
898 917 943 984 de
963 920 1085 1013 quibus
1108 921 1216 1013 cogito
1235 947 1309 987 rcr-

216 1031 317 1096 sibus.
368 1028 424 1096 Sic
450 1030 538 1094 enim
564 1031 671 1096 statim
696 1031 739 1096 ab
765 1032 858 1099 initio
884 1033 1142 1126 Megaronides:

315 1146 496 1238 Nimiaque
521 1143 576 1210 bic
597 1145 706 1236 pluris
728 1151 929 1238 pauciorum
955 1155 1108 1239 gratiam

315 1260 464 1325 baciunt
486 1283 570 1350 pars
593 1258 784 1340 bantinum,
816 1285 1008 1357 quamquo
1031 1273 1168 1357 prosint
1194 1293 1305 1338 omui·

811 1376 872 1444 bus
896 1376 938 1462 *).
1294 1363 1299 1370 ι

315 1491 376 1558 Ita
401 1494 542 1556 vincunt
564 1488 649 1556 illud
672 1490 885 1558 conducibile
906 1498 1102 1583 gratiae,

316 1607 414 1695 Quae
436 1609 473 1670 iu
499 1604 599 1672 rebus
623 1605 736 1672 multis
758 1605 897 1674 obstant
922 1607 1127 1704 odiosaeque
1151 1631 1245 1690 sarrit,

312 1719 558 1812 Remorumque
574 1722 722 1806 faciunt
742 1726 799 1787 rei
818 1727 977 1814 privatae
1007 1741 1043 1790 et
1061 1725 1226 1815 publicae.

214 1835 322 1903 Multo
348 1853 458 1902 autem
485 1854 518 1901 et
543 1837 649 1902 acrius
674 1855 707 1902 ct
731 1839 876 1929 apertius
903 1838 1125 1932 philosophus
1150 1841 1209 1909 iiie
1227 1845 1301 1912 Sta-

215 1955 315 2018 simus
342 1952 399 2036 lv,
426 1948 459 2030 4,
486 1953 533 2019 25
560 1976 651 2042 sqq.:

311 2067 402 2133 Nam
423 2091 516 2132 nunc
540 2090 651 2131 mores
678 2065 777 2132 nihili
790 2070 961 2152 faciunt,
994 2072 1208 2165 quodlicet,
1233 2080 1303 2141 nisi

809 2181 903 2275 quod
918 2184 1020 2253 lubet.

310 2294 500 2365 Ambitio
524 2300 590 2361 iam
617 2318 712 2361 more
736 2313 907 2374 sanctart,
942 2300 1084 2370 liberast
1108 2329 1131 2369 a
1158 2305 1300 2396 legibus.

311 2411 419 2480 Scuta
448 2415 561 2478 iacere
584 2414 784 2502 fugereque
821 2412 947 2490 bostis,
981 2441 1075 2485 more
1106 2419 1233 2487 babent
1259 2421 1300 2487 li.

806 2533 972 2596 centiam:

311 2638 480 2712 Petere
505 2641 712 2707 bonorem
732 2667 796 2734 pro
818 2645 957 2735 flagitio
983 2670 1079 2714 ruore
1104 2647 1153 2726 fit.

311 2759 480 2828 Strerutos
505 2761 574 2822 iam
603 2761 795 2848 praeterire
826 2782 920 2824 neore
939 2760 1000 2852 fit.

211 2877 289 2945 Non
312 2894 362 2943 est
378 2899 448 2940 mea
468 2873 635 2940 sententia
651 2874 830 2939 obscurum
848 2899 914 2967 quo
934 2877 1016 2943 haec
1029 2898 1196 2969 spectent:
1219 2908 1302 2947 am-

212 2997 324 3060 hi'tus
350 2993 449 3069 enim,
475 2991 536 3054 nisi
560 2986 666 3068 fallor,
686 2989 737 3054 his
751 3007 893 3069 notatur,
913 3016 991 3084 quo,
1009 2995 1067 3086 qni
1084 2996 1217 3061 minime
1232 3022 1301 3063 me-

212 3110 285 3186 riti,
322 3108 465 3172 honores
492 3122 525 3170 ct
550 3121 705 3196 peterent
744 3123 776 3170 et
797 3104 1083 3198 adipiscerentur,
1117 3110 1215 3177 simul
1243 3138 1301 3177 au-

213 3243 281 3292 tern
320 3221 442 3288 debitis
480 3221 637 3313 praemiis
674 3223 800 3286 strenui
845 3241 879 3288 ct
911 3223 1014 3291 fortes
1052 3225 1298 3294 frustrarentur.

213 3339 360 3427 Quodsi,
398 3340 433 3404 in
472 3361 556 3429 quos
600 3337 809 3428 potissimum
849 3363 951 3405 annos
994 3339 1192 3408 insolentior
1231 3370 1300 3409 am-

213 3460 295 3525 bitio
321 3455 378 3521 illa
405 3452 510 3529 cadat,
538 3452 833 3542 circumspicimus,
859 3454 1002 3545 primum
1029 3454 1168 3547 quidem
1191 3460 1299 3523 omnia

216 3603 254 3644 ea
282 3568 433 3661 exempla
458 3583 591 3660 praesto
617 3586 703 3646 sunt,
736 3567 858 3658 quibus
885 3567 963 3633 olim
989 3569 1191 3638 Bacchidum
1218 3593 1299 3639 tem-

214 3717 298 3787 pora
339 3685 563 3777 indagavimus
603 3684 697 3772 Disp.
732 3680 775 3747 de
809 3682 925 3749 Bacclu
958 3684 1037 3772 §8-
1088 3687 1177 3768 Quid
1208 3690 1298 3754 enim

215 3827 337 3903 quaeso
363 3800 406 3866 ad
431 3798 580 3864 Plautina
606 3796 677 3861 illa:
703 3813 800 3862 scuta
824 3802 938 3862 iacere
952 3802 1152 3890 fugereque
1176 3802 1297 3879 bostis,

214 3911 307 3992 more
338 3917 465 3984 liabent
494 3904 685 3979 licentiam.-
714 3930 834 4004 petere
869 3914 1034 3980 horrorem
1059 3940 1123 4008 pro
1149 3920 1295 4010 flagitio

215 4064 307 4108 more
326 4037 383 4127 fit,
412 4033 551 4125 propius
578 4046 688 4122 potest
712 4028 888 4108 accedere,
927 4055 1025 4123 quam
1051 4032 1143 4125 quod
1169 4059 1196 4098 a.
1223 4030 1296 4101 564

213 4162 240 4225 is
267 4172 316 4222 est
341 4146 544 4239 triumphum
578 4162 710 4224 nactus,
746 4168 844 4236 quem
875 4168 946 4209 non
984 4143 1105 4210 bellum
1136 4152 1297 4214 iniustum

212 4274 370 4365 gessisse,
395 4262 457 4329 sed
481 4261 611 4326 bostem
633 4263 773 4325 omnino
796 4283 867 4323 non
893 4259 1015 4326 vidisse
1038 4265 1168 4329 inimici
1186 4269 1297 4332 iacta-

212 4461 366 4472 ...‚,..-.--——
388 4461 400 4466 ,
413 4458 488 4465 .-.-

264 4583 289 4650 ·)
317 4573 441 4639 vulgatur
469 4567 534 4636 quad
560 4567 649 4634 prosit.
686 4563 735 4616 Sed
760 4566 860 4634 prosint
879 4566 905 4615 in
926 4565 997 4616 libris
1016 4575 1056 4617 cst
1074 4566 1200 4632 omnibus,
1221 4570 1297 4621 etiam

318 4659 501 4717 ambrosiano,
532 4655 557 4703 in
584 4667 635 4719 quo
666 4659 749 4702 utrum
777 4651 889 4719 quodad
908 4652 991 4718 ipsum
1009 4653 1076 4720 quod
1098 4654 1229 4721 posuimus
1249 4674 1296 4724 quo

311 4755 412 4808 exstet,
436 4757 488 4795 uon
505 4741 567 4792 satis
583 4746 698 4806 apparet.
