2820 5332
228 659 300 729 392
347 665 350 674 '
641 689 694 730 att.
721 690 763 732 oe
787 688 902 735 »ωτι

227 860 276 926 titi
302 859 472 924 inventum
501 858 652 925 arriserit
677 859 844 926 Carissam
870 858 1094 925 substituentis
1119 828 1316 927 ioculariter

227 973 411 1040 iilisociiau.
427 975 468 1049 H,
488 998 515 1039 c.
533 971 604 1058 19),
631 973 832 1040 Cistellaria:
856 972 1069 1053 Mostellaria,
1087 975 1315 1053 Menaechmi,

227 1090 337 1168 Miles,
363 1091 550 1156 Mercator:
589 1089 785 1167 Pseudolus,
811 1087 987 1169 Poenulus,
1014 1090 1133 1155 Persa:
1171 1090 1313 1159 Bacchi-

228 1204 289 1272 des
324 1225 433 1270 tamen
470 1229 539 1270 non
571 1203 703 1270 videtur·
729 1204 790 1269 alia
818 1228 932 1269 caussa
957 1205 1105 1295 exputati
1129 1228 1227 1299 posse
1250 1228 1314 1274 cua

226 1321 370 1387 mediam
406 1323 493 1388 intcr
530 1319 706 1410 Epidicum
732 1339 765 1386 et
784 1317 1024 1389 Mostellariam
1059 1343 1139 1397 esse,
1167 1320 1311 1412 quicun-

227 1461 293 1527 que
327 1437 528 1503 hodicrnum
562 1433 716 1501 ordinem
741 1435 897 1514 instituit,
929 1434 1091 1512 volucrit,
1128 1435 1191 1500 uisi
1216 1433 1312 1526 quod

166 1547 171 1557 ’
225 1552 280 1620 vel
304 1555 477 1643 seiungere
502 1551 544 1616 ab
557 1550 701 1643 Epidico
727 1549 779 1617 vcl
804 1551 882 1619 huic
904 1549 989 1616 adeo
1007 1552 1220 1641 praemittere
1236 1573 1310 1619 cam
1340 1639 1344 1646 .

226 1667 370 1734 fabulam
408 1684 596 1744 vereretur,
636 1666 671 1730 in
701 1690 765 1758 qua
793 1683 949 1758 tanquam
972 1664 1202 1768 priua'editac
1226 1664 1323 1755 Epir

227 1781 294 1851 dici
319 1785 422 1872 ipsius
447 1781 572 1849 mentio
599 1781 696 1848 fieret
720 1781 763 1861 Ii,
789 1783 823 1857 Ω,
846 1779 914 1849 36:

323 1901 405 1966 Non
431 1923 521 1972 erus,
545 1897 608 1962 sed
631 1915 732 1965 actor
750 1897 833 1962 milti
857 1919 917 1962 cor
943 1896 1023 1961 odio
1044 1900 1184 1960 sauciat.

325 2016 441 2083 Etiam
457 1998 645 2105 Epidicus,
670 2037 771 2105 qaam
798 2035 863 2100 ego
890 2011 1044 2095 fabulam
1069 2035 1175 2109 aeque
1196 2034 1238 2079 ac
1256 2033 1312 2079 mo

819 2131 926 2218 ipsum
948 2151 1040 2202 omo,

324 2242 462 2308 Nullam
487 2267 591 2333 aequae
618 2247 744 2307 invitus
765 2258 894 2333 specto,
919 2245 952 2308 si
972 2246 1047 2332 agit
1073 2238 1194 2315 Pollio.

227 2352 295 2419 Vbi
321 2381 408 2422 nunc
433 2381 499 2430 non
526 2335 629 2423 ausim
656 2356 837 2423 defendero
864 2358 897 2421 in
923 2356 1017 2437 libris
1035 2382 1110 2427 mss.
1137 2356 1308 2451 proditum

199 2457 357 2552 'Pellto,
393 2496 457 2562 pro
489 2496 557 2564 quo
594 2471 757 2539 editiones
780 2470 869 2538 Aldu
903 2473 1035 2563 priores
1069 2490 1182 2538 tenent
1204 2465 1312 2564 pelio,

228 2580 340 2651 Pollio
366 2605 474 2651 autem
503 2614 520 2655 e
548 2587 745 2679 Symmacho
774 2585 854 2673 (vid.
884 2613 957 2677 sup.
985 2585 1310 2677 p.‘256·‘26‘2.33(i)

231 2702 375 2771 correxit
397 2699 580 2767 Guiiclmus
604 2701 707 2766 Piaut.
734 2705 869 2784 Quaest.
896 2703 928 2765 in
945 2702 1062 2768 Bacch.
1090 2730 1117 2770 c.
1138 2702 1163 2778 Ι,
1182 2730 1213 2793 p.
1230 2704 1311 2781 150,

232 2841 331 2904 quem
357 2815 463 2882 secuti
487 2834 564 2882 sunt
588 2817 723 2883 Bothius
749 2833 782 2882 et
798 2816 1211 2888 WindischtuanuusMus.
1228 2818 1311 2909 phit.

230 2928 334 2994 Ritcn.
360 2931 391 3008 I,
417 2957 450 3021 p.
478 2936 555 3000 il‘i.
603 2934 711 2998 Dubia
748 2959 813 3031 per
849 2958 884 2998 se
919 2934 965 2997 vis
1000 2951 1048 2999 cst
1079 2933 1259 3022 comparati
1294 2962 1313 3003 a

232 3026 397 3111 Gulielmo
431 3043 621 3136 Apollinem
656 3074 707 3142 ap.
734 3049 822 3118 Fest.
848 3074 883 3139 p.
907 3051 953 3117 ‘22
977 3049 1039 3128 nt:
1075 3046 1313 3118 alienissimum

232 3158 390 3224 Prisciani
413 3162 444 3239 Ι,
468 3164 511 3238 6,
538 3160 585 3230 34
610 3189 644 3254 p.
669 3164 717 3232 33
742 3165 799 3229 ΚΓ.
827 3186 959 3251 compes
984 3187 1046 3254 pro
1074 3187 1207 3254 compos
1233 3163 1314 3229 alia-

233 3291 302 3341 tum
337 3277 418 3344 aC.
443 3277 479 3344 L.
507 3277 716 3346 Schneidero
742 3279 846 3345 Elem.
881 3303 1015 3372 gratum.
1042 3276 1099 3343 lat.
1125 3279 1161 3357 i,
1188 3304 1219 3370 p.
1247 3285 1313 3348 i‘l:

235 3388 402 3480 aliquanto
429 3394 551 3458 rectius
579 3419 763 3485 congruere
787 3395 877 3460 Festi
900 3420 935 3492 p,
966 3394 1034 3461 100
1062 3391 1188 3484 giossae
1207 3392 1316 3467 delusa
1362 3457 1365 3461 ,

235 3501 330 3567 iaeoio
355 3529 416 3595 pro
442 3506 534 3577 holus
562 3509 681 3594 (olus),
708 3509 829 3583 homo,
866 3534 937 3575 rom
966 3507 1131 3574 conficere
1154 3505 1238 3572 iilud
1264 3510 1315 3571 ri-

236 3616 308 3681 deri
335 3620 449 3709 possit,
476 3621 566 3712 quod
595 3624 754 3716 gentilicii
780 3615 922 3689 nominis
944 3646 1011 3688 non
1038 3639 1162 3688 tantum
1179 3619 1319 3699 Pollius„

236 3730 297 3796 scd
323 3733 419 3798 etiam
445 3730 573 3802 Pellius
599 3740 703 3806 forma
726 3741 893 3832 reperitur
920 3741 952 3803 iu
973 3739 1109 3804 Gautcri
1125 3738 1318 3827 Inscriptio·

235 3846 343 3926 nibus,
371 3848 605 3944 eis'exemplis
632 3882 716 3947 quae
743 3857 931 3946 consignata
967 3854 1068 3919 habes
1100 3855 1133 3924 iu
1159 3851 1318 3944 scaligeri

235 3960 347 4028 indice
388 3991 420 4057 p.
455 3967 678 4040 CCXXXIII:
718 3970 779 4038 sed
820 3969 926 4040 nihilo
964 3988 1071 4034 tamen
1108 3967 1208 4061 satagis
1244 3965 1319 4032 taiia

234 4074 403 4144 Plautinae
443 4081 580 4174 quidem
613 4084 663 4152 vei
699 4088 797 4160 aetati
827 4065 987 4153 velastis
1012 4081 1118 4153 indoli
1145 4080 1320 4148 tribuenda

237 4209 333 4270 sunt,
360 4194 394 4260 iu
420 4211 507 4264 tanta
533 4205 728 4290 pracsertim
754 4201 905 4269 codicum
934 4199 1169 4291 depravatione
1197 4195 1321 4262 Plauti-

238 4327 367 4370 norum.
417 4307 502 4379 Illuc
527 4332 562 4379 ut
589 4335 751 4395 revertar,
787 4318 828 4382 ah
855 4320 928 4409 ipso
952 4315 1105 4380 Varrone
1133 4311 1322 4403 proiectum

240 4441 312 4482 csse
340 4436 459 4502 totum,
494 4429 552 4519 qui
585 4429 687 4497 hodic
721 4432 850 4500 obtinet
887 4429 1072 4500 fabularum
1098 4426 1322 4497 Piautiuarum

241 4529 336 4613 ordo,
360 4560 458 4629 aegre
484 4548 685 4632 persuaserit
709 4546 902 4620 Muellerus.
954 4546 1018 4629 Qui
1048 4544 1107 4610 etsi
1137 4545 1321 4609 Varronem

238 4642 297 4710 lib.
325 4646 388 4714 Vll
415 4650 458 4722 de
481 4654 560 4749 ling,
586 4660 638 4729 lat„
664 4664 684 4751 ς
712 4667 779 4735 107
808 4682 840 4733 et
865 4666 935 4734 108
961 4661 995 4728 in
1022 4657 1321 4730 commemorandis
