<?xml version="1.0" encoding="UTF-8"?>
<!DOCTYPE html PUBLIC "-//W3C//DTD XHTML 1.0 Transitional//EN"
    "http://www.w3.org/TR/xhtml1/DTD/xhtml1-transitional.dtd">
<html xmlns="http://www.w3.org/1999/xhtml" xml:lang="en" lang="en">
 <head>
  <title>
</title>
<meta http-equiv="Content-Type" content="text/html;charset=utf-8" />
  <meta name='ocr-system' content='tesseract 3.04.00' />
  <meta name='ocr-capabilities' content='ocr_page ocr_carea ocr_par ocr_line ocrx_word'/>
</head>
<body>
  <div class='ocr_page' id='page_1' title='image "./parergonplautin01ritsgoog_0484.png"; bbox 0 0 2820 5332; ppageno 0'>
   <div class='ocr_carea' id='block_1_1' title="bbox 388 664 1195 751">
    <p class='ocr_par' dir='ltr' id='par_1_1' title="bbox 388 664 1195 751">
     <span class='ocr_line' id='line_1_1' title="bbox 388 664 1195 751; baseline 0.011 -22"><span class='ocrx_word' id='word_1_1' title='bbox 388 720 393 729; x_wconf 94' lang='lat'>.</span> <span class='ocrx_word' id='word_1_2' title='bbox 426 685 674 732; x_wconf 79' lang='lat' dir='ltr'><strong>nosreuetnrse</strong></span> <span class='ocrx_word' id='word_1_3' title='bbox 701 686 893 751; x_wconf 74' lang='lat' dir='ltr'><strong>resonate.</strong></span> <span class='ocrx_word' id='word_1_4' title='bbox 1122 664 1195 738; x_wconf 78' lang='grc'><strong>443</strong></span> 
     </span>
    </p>
   </div>
   <div class='ocr_carea' id='block_1_2' title="bbox 108 858 1298 3256">
    <p class='ocr_par' dir='ltr' id='par_1_2' title="bbox 109 858 1298 1993">
     <span class='ocr_line' id='line_1_2' title="bbox 111 858 1196 956; baseline 0.005 -31"><span class='ocrx_word' id='word_1_5' title='bbox 111 860 268 933; x_wconf 78' lang='lat' dir='ltr'><strong>quoniam</strong></span> <span class='ocrx_word' id='word_1_6' title='bbox 296 883 363 925; x_wconf 94' lang='lat' dir='ltr'><strong>non</strong></span> <span class='ocrx_word' id='word_1_7' title='bbox 391 877 504 953; x_wconf 88' lang='lat' dir='ltr'><strong>potest</strong></span> <span class='ocrx_word' id='word_1_8' title='bbox 530 884 597 926; x_wconf 91' lang='lat' dir='ltr'><strong>non</strong></span> <span class='ocrx_word' id='word_1_9' title='bbox 619 859 703 926; x_wconf 86' lang='lat' dir='ltr'><strong>clem</strong></span> <span class='ocrx_word' id='word_1_10' title='bbox 719 858 866 927; x_wconf 79' lang='lat' dir='ltr'><strong>secturus</strong></span> <span class='ocrx_word' id='word_1_11' title='bbox 893 885 975 943; x_wconf 86' lang='lat' dir='ltr'><strong>esse,</strong></span> <span class='ocrx_word' id='word_1_12' title='bbox 1001 861 1044 928; x_wconf 85' lang='lat' dir='ltr'><strong>ita</strong></span> <span class='ocrx_word' id='word_1_13' title='bbox 1057 861 1196 956; x_wconf 90' lang='lat' dir='ltr'><strong>quidem</strong></span> 
     </span>
     <span class='ocr_line' id='line_1_3' title="bbox 111 974 1194 1068; baseline 0.007 -30"><span class='ocrx_word' id='word_1_14' title='bbox 111 991 148 1039; x_wconf 87' lang='lat' dir='ltr'><strong>nt</strong></span> <span class='ocrx_word' id='word_1_15' title='bbox 182 974 396 1068; x_wconf 87' lang='lat' dir='ltr'><strong>Theuropidi</strong></span> <span class='ocrx_word' id='word_1_16' title='bbox 428 975 581 1042; x_wconf 82' lang='lat' dir='ltr'><strong>rideatur</strong></span> <span class='ocrx_word' id='word_1_17' title='bbox 612 1000 669 1041; x_wconf 90' lang='lat' dir='ltr'><strong>rus</strong></span> <span class='ocrx_word' id='word_1_18' title='bbox 703 977 813 1066; x_wconf 88' lang='lat' dir='ltr'><strong>potius</strong></span> <span class='ocrx_word' id='word_1_19' title='bbox 848 993 969 1068; x_wconf 91' lang='lat' dir='ltr'><strong>petere</strong></span> <span class='ocrx_word' id='word_1_20' title='bbox 1001 978 1194 1046; x_wconf 76' lang='lat' dir='ltr'><strong>arcessendi</strong></span> 
     </span>
     <span class='ocr_line' id='line_1_4' title="bbox 110 1089 1195 1184; baseline 0.006 -29"><span class='ocrx_word' id='word_1_21' title='bbox 110 1090 169 1156; x_wconf 89' lang='lat' dir='ltr'><strong>lilii</strong></span> <span class='ocrx_word' id='word_1_22' title='bbox 193 1115 326 1157; x_wconf 85' lang='lat' dir='ltr'><strong>caussa:</strong></span> <span class='ocrx_word' id='word_1_23' title='bbox 353 1092 387 1156; x_wconf 91' lang='lat' dir='ltr'><strong>in</strong></span> <span class='ocrx_word' id='word_1_24' title='bbox 412 1093 608 1158; x_wconf 85' lang='lat' dir='ltr'><strong>contrariam</strong></span> <span class='ocrx_word' id='word_1_25' title='bbox 625 1090 869 1182; x_wconf 81' lang='lat' dir='ltr'><strong>Tlreuropidiis</strong></span> <span class='ocrx_word' id='word_1_26' title='bbox 896 1089 1036 1158; x_wconf 87' lang='lat' dir='ltr'><strong>aedibus</strong></span> <span class='ocrx_word' id='word_1_27' title='bbox 1062 1109 1195 1184; x_wconf 87' lang='lat' dir='ltr'><strong>partem</strong></span> 
     </span>
     <span class='ocr_line' id='line_1_5' title="bbox 111 1205 1195 1302; baseline 0.004 -30"><span class='ocrx_word' id='word_1_28' title='bbox 111 1224 245 1297; x_wconf 79' lang='lat' dir='ltr'>oportet</span> <span class='ocrx_word' id='word_1_29' title='bbox 268 1207 332 1272; x_wconf 90' lang='lat' dir='ltr'><strong>iter</strong></span> <span class='ocrx_word' id='word_1_30' title='bbox 358 1207 528 1284; x_wconf 86' lang='lat' dir='ltr'><strong>deflectat,</strong></span> <span class='ocrx_word' id='word_1_31' title='bbox 555 1205 645 1273; x_wconf 87' lang='lat' dir='ltr'><strong>unde</strong></span> <span class='ocrx_word' id='word_1_32' title='bbox 671 1231 736 1298; x_wconf 89' lang='lat' dir='ltr'><strong>per</strong></span> <span class='ocrx_word' id='word_1_33' title='bbox 762 1209 890 1274; x_wconf 87' lang='lat' dir='ltr'><strong>riarum</strong></span> <span class='ocrx_word' id='word_1_34' title='bbox 916 1206 1071 1301; x_wconf 83' lang='lat' dir='ltr'>ambages</span> <span class='ocrx_word' id='word_1_35' title='bbox 1094 1233 1195 1302; x_wconf 90' lang='lat' dir='ltr'><strong>quas-</strong></span> 
     </span>
     <span class='ocr_line' id='line_1_6' title="bbox 111 1320 1193 1415; baseline 0.006 -30"><span class='ocrx_word' id='word_1_36' title='bbox 111 1321 185 1387; x_wconf 85' lang='lat' dir='ltr'><strong>dam</strong></span> <span class='ocrx_word' id='word_1_37' title='bbox 213 1320 257 1389; x_wconf 87' lang='lat' dir='ltr'><strong>ad</strong></span> <span class='ocrx_word' id='word_1_38' title='bbox 283 1325 450 1415; x_wconf 88' lang='lat' dir='ltr'><strong>posticum</strong></span> <span class='ocrx_word' id='word_1_39' title='bbox 475 1321 606 1389; x_wconf 85' lang='lat' dir='ltr'><strong>aedium</strong></span> <span class='ocrx_word' id='word_1_40' title='bbox 628 1320 758 1389; x_wconf 85' lang='lat' dir='ltr'><strong>illarum</strong></span> <span class='ocrx_word' id='word_1_41' title='bbox 782 1342 976 1389; x_wconf 77' lang='lat' dir='ltr'><strong>reversurus</strong></span> <span class='ocrx_word' id='word_1_42' title='bbox 1001 1325 1051 1394; x_wconf 87' lang='lat' dir='ltr'><strong>sit.</strong></span> <span class='ocrx_word' id='word_1_43' title='bbox 1103 1326 1193 1392; x_wconf 79' lang='lat' dir='ltr'><strong>Esto.</strong></span> 
     </span>
     <span class='ocr_line' id='line_1_7' title="bbox 110 1435 1193 1530; baseline 0.002 -26"><span class='ocrx_word' id='word_1_44' title='bbox 110 1439 237 1504; x_wconf 89' lang='lat' dir='ltr'><strong>Verum</strong></span> <span class='ocrx_word' id='word_1_45' title='bbox 262 1463 305 1504; x_wconf 90' lang='lat' dir='ltr'><strong>ne</strong></span> <span class='ocrx_word' id='word_1_46' title='bbox 333 1437 448 1504; x_wconf 90' lang='lat' dir='ltr'><strong>oeulos</strong></span> <span class='ocrx_word' id='word_1_47' title='bbox 475 1438 611 1530; x_wconf 89' lang='lat' dir='ltr'><strong>quidem</strong></span> <span class='ocrx_word' id='word_1_48' title='bbox 639 1435 867 1504; x_wconf 84' lang='lat' dir='ltr'><strong>discedentem</strong></span> <span class='ocrx_word' id='word_1_49' title='bbox 891 1440 925 1503; x_wconf 89' lang='lat' dir='ltr'><strong>in</strong></span> <span class='ocrx_word' id='word_1_50' title='bbox 953 1464 1025 1504; x_wconf 85' lang='lat' dir='ltr'><strong>eam</strong></span> <span class='ocrx_word' id='word_1_51' title='bbox 1051 1437 1193 1507; x_wconf 89' lang='lat' dir='ltr'><strong>domum</strong></span> 
     </span>
     <span class='ocr_line' id='line_1_8' title="bbox 112 1553 1298 1654; baseline 0.003 -35"><span class='ocrx_word' id='word_1_52' title='bbox 112 1555 296 1634; x_wconf 88' lang='lat' dir='ltr'><strong>coniicere,</strong></span> <span class='ocrx_word' id='word_1_53' title='bbox 329 1553 421 1619; x_wconf 89' lang='lat' dir='ltr'><strong>unde</strong></span> <span class='ocrx_word' id='word_1_54' title='bbox 448 1570 572 1619; x_wconf 85' lang='lat' dir='ltr'><strong>tanturn</strong></span> <span class='ocrx_word' id='word_1_55' title='bbox 602 1569 734 1645; x_wconf 87' lang='lat' dir='ltr'><strong>tamque</strong></span> <span class='ocrx_word' id='word_1_56' title='bbox 759 1578 920 1644; x_wconf 79' lang='lat' dir='ltr'><strong>praesens</strong></span> <span class='ocrx_word' id='word_1_57' title='bbox 947 1556 978 1620; x_wconf 88' lang='lat' dir='ltr'><strong>ei</strong></span> <span class='ocrx_word' id='word_1_58' title='bbox 1004 1554 1192 1654; x_wconf 83' lang='lat' dir='ltr'><strong>periculum</strong></span> <span class='ocrx_word' id='word_1_59' title='bbox 1296 1594 1298 1599; x_wconf 37' lang='lat' dir='ltr'>v</span> 
     </span>
     <span class='ocr_line' id='line_1_9' title="bbox 109 1664 1191 1761; baseline 0.004 -26"><span class='ocrx_word' id='word_1_60' title='bbox 109 1670 299 1750; x_wconf 88' lang='lat' dir='ltr'><strong>imminent,</strong></span> <span class='ocrx_word' id='word_1_61' title='bbox 337 1668 370 1734; x_wconf 89' lang='lat' dir='ltr'><strong>id</strong></span> <span class='ocrx_word' id='word_1_62' title='bbox 398 1670 550 1761; x_wconf 84' lang='lat' dir='ltr'><strong>prolecto</strong></span> <span class='ocrx_word' id='word_1_63' title='bbox 585 1670 723 1733; x_wconf 84' lang='lat' dir='ltr'><strong>nimium</strong></span> <span class='ocrx_word' id='word_1_64' title='bbox 756 1668 858 1736; x_wconf 86' lang='lat' dir='ltr'><strong>suerit</strong></span> <span class='ocrx_word' id='word_1_65' title='bbox 894 1694 959 1736; x_wconf 89' lang='lat' dir='ltr'><strong>nec</strong></span> <span class='ocrx_word' id='word_1_66' title='bbox 992 1669 1061 1737; x_wconf 88' lang='lat' dir='ltr'><strong>ullo</strong></span> <span class='ocrx_word' id='word_1_67' title='bbox 1089 1664 1191 1739; x_wconf 77' lang='lat' dir='ltr'><strong>modo</strong></span> 
     </span>
     <span class='ocr_line' id='line_1_10' title="bbox 111 1782 1193 1877; baseline 0.002 -26"><span class='ocrx_word' id='word_1_68' title='bbox 111 1784 285 1864; x_wconf 82' lang='lat' dir='ltr'><strong>credibile,</strong></span> <span class='ocrx_word' id='word_1_69' title='bbox 308 1786 503 1877; x_wconf 87' lang='lat' dir='ltr'><strong>praesertim</strong></span> <span class='ocrx_word' id='word_1_70' title='bbox 532 1810 604 1851; x_wconf 83' lang='lat' dir='ltr'><strong>curn</strong></span> <span class='ocrx_word' id='word_1_71' title='bbox 630 1783 672 1850; x_wconf 88' lang='lat' dir='ltr'><strong>ad</strong></span> <span class='ocrx_word' id='word_1_72' title='bbox 698 1782 786 1850; x_wconf 92' lang='lat' dir='ltr'><strong>illius</strong></span> <span class='ocrx_word' id='word_1_73' title='bbox 813 1783 931 1850; x_wconf 88' lang='lat' dir='ltr'><strong>domus</strong></span> <span class='ocrx_word' id='word_1_74' title='bbox 958 1787 1193 1877; x_wconf 82' lang='lat' dir='ltr'><strong>cogitationem</strong></span> 
     </span>
     <span class='ocr_line' id='line_1_11' title="bbox 111 1901 711 1993; baseline 0.002 -28"><span class='ocrx_word' id='word_1_75' title='bbox 111 1902 312 1993; x_wconf 85' lang='lat' dir='ltr'><strong>semetipse</strong></span> <span class='ocrx_word' id='word_1_76' title='bbox 338 1901 389 1966; x_wconf 85' lang='lat' dir='ltr'><strong>his</strong></span> <span class='ocrx_word' id='word_1_77' title='bbox 416 1901 526 1966; x_wconf 84' lang='lat' dir='ltr'><strong>verbis</strong></span> <span class='ocrx_word' id='word_1_78' title='bbox 552 1917 711 1967; x_wconf 87' lang='lat' dir='ltr'><strong>revocet:</strong></span> 
     </span>
    </p>

    <p class='ocr_par' dir='ltr' id='par_1_3' title="bbox 203 2015 1195 2108">
     <span class='ocr_line' id='line_1_12' title="bbox 203 2015 1195 2108; baseline 0.001 -26"><span class='ocrx_word' id='word_1_79' title='bbox 203 2017 334 2088; x_wconf 76' lang='lat' dir='ltr'><strong>‚Dicam</strong></span> <span class='ocrx_word' id='word_1_80' title='bbox 359 2032 396 2081; x_wconf 84' lang='lat' dir='ltr'><strong>ut</strong></span> <span class='ocrx_word' id='word_1_81' title='bbox 422 2015 477 2082; x_wconf 80' lang='lat' dir='ltr'><strong>ln&#39;c</strong></span> <span class='ocrx_word' id='word_1_82' title='bbox 502 2041 557 2081; x_wconf 86' lang='lat' dir='ltr'><strong>res</strong></span> <span class='ocrx_word' id='word_1_83' title='bbox 580 2019 652 2082; x_wconf 85' lang='lat' dir='ltr'><strong>sint</strong></span> <span class='ocrx_word' id='word_1_84' title='bbox 671 2018 809 2108; x_wconf 82' lang='lat' dir='ltr'><strong>quietae</strong></span> <span class='ocrx_word' id='word_1_85' title='bbox 833 2032 936 2108; x_wconf 76' lang='lat' dir='ltr'><strong>atque</strong></span> <span class='ocrx_word' id='word_1_86' title='bbox 957 2017 1047 2083; x_wconf 65' lang='lat' dir='ltr'><strong>trano</strong></span> <span class='ocrx_word' id='word_1_87' title='bbox 1061 2034 1097 2083; x_wconf 87' lang='lat' dir='ltr'><strong>ut</strong></span> <span class='ocrx_word' id='word_1_88' title='bbox 1113 2017 1195 2084; x_wconf 75' lang='lat' dir='ltr'><strong>ltine</strong></span> 
     </span>
    </p>

    <p class='ocr_par' dir='ltr' id='par_1_4' title="bbox 701 2129 947 2216">
     <span class='ocr_line' id='line_1_13' title="bbox 701 2129 947 2216; baseline 0.004 -22"><span class='ocrx_word' id='word_1_89' title='bbox 701 2135 896 2200; x_wconf 71' lang='lat' dir='ltr'><strong>removerim.</strong></span> <span class='ocrx_word' id='word_1_90' title='bbox 915 2129 947 2216; x_wconf 90' lang='lat'><strong>*)</strong></span> 
     </span>
    </p>

    <p class='ocr_par' dir='ltr' id='par_1_5' title="bbox 108 2239 1267 3256">
     <span class='ocr_line' id='line_1_14' title="bbox 109 2239 1192 2339; baseline 0.003 -31"><span class='ocrx_word' id='word_1_91' title='bbox 109 2239 198 2336; x_wconf 79' lang='lat' dir='ltr'><strong>Ergo</strong></span> <span class='ocrx_word' id='word_1_92' title='bbox 226 2241 304 2311; x_wconf 92' lang='lat' dir='ltr'><strong>illuc</strong></span> <span class='ocrx_word' id='word_1_93' title='bbox 341 2263 474 2337; x_wconf 86' lang='lat' dir='ltr'><strong>spectet</strong></span> <span class='ocrx_word' id='word_1_94' title='bbox 499 2269 637 2312; x_wconf 87' lang='lat' dir='ltr'><strong>necesse</strong></span> <span class='ocrx_word' id='word_1_95' title='bbox 672 2265 780 2313; x_wconf 84' lang='lat' dir='ltr'><strong>estet</strong></span> <span class='ocrx_word' id='word_1_96' title='bbox 809 2245 893 2312; x_wconf 88' lang='lat' dir='ltr'><strong>nihil</strong></span> <span class='ocrx_word' id='word_1_97' title='bbox 922 2264 1033 2313; x_wconf 87' lang='lat' dir='ltr'><strong>tamen</strong></span> <span class='ocrx_word' id='word_1_98' title='bbox 1058 2248 1192 2339; x_wconf 90' lang='lat' dir='ltr'><strong>conspi-</strong></span> 
     </span>
     <span class='ocr_line' id='line_1_15' title="bbox 111 2352 1267 2456; baseline 0.003 -31"><span class='ocrx_word' id='word_1_99' title='bbox 111 2359 184 2425; x_wconf 76' lang='lat' dir='ltr'><strong>ciat</strong></span> <span class='ocrx_word' id='word_1_100' title='bbox 237 2359 358 2452; x_wconf 86' lang='lat' dir='ltr'>Equo</span> <span class='ocrx_word' id='word_1_101' title='bbox 387 2386 602 2454; x_wconf 88' lang='lat' dir='ltr'><strong>consequens</strong></span> <span class='ocrx_word' id='word_1_102' title='bbox 630 2379 679 2428; x_wconf 89' lang='lat' dir='ltr'><strong>est</strong></span> <span class='ocrx_word' id='word_1_103' title='bbox 704 2380 843 2429; x_wconf 92' lang='lat' dir='ltr'><strong>utnunc</strong></span> <span class='ocrx_word' id='word_1_104' title='bbox 868 2360 999 2440; x_wconf 86' lang='lat' dir='ltr'><strong>lateant,</strong></span> <span class='ocrx_word' id='word_1_105' title='bbox 1027 2364 1192 2456; x_wconf 83' lang='lat' dir='ltr'><strong>qrrianteu</strong></span> <span class='ocrx_word' id='word_1_106' title='bbox 1264 2352 1267 2357; x_wconf 37' lang='lat'>¹</span> 
     </span>
     <span class='ocr_line' id='line_1_16' title="bbox 110 2474 1192 2569; baseline 0.006 -31"><span class='ocrx_word' id='word_1_107' title='bbox 110 2492 185 2540; x_wconf 85' lang='lat' dir='ltr'><strong>ante</strong></span> <span class='ocrx_word' id='word_1_108' title='bbox 211 2474 300 2540; x_wconf 86' lang='lat' dir='ltr'><strong>sores</strong></span> <span class='ocrx_word' id='word_1_109' title='bbox 322 2478 487 2543; x_wconf 88' lang='lat' dir='ltr'><strong>steterint:</strong></span> <span class='ocrx_word' id='word_1_110' title='bbox 523 2501 606 2569; x_wconf 92' lang='lat' dir='ltr'><strong>quos</strong></span> <span class='ocrx_word' id='word_1_111' title='bbox 632 2480 656 2543; x_wconf 88' lang='lat' dir='ltr'><strong>si</strong></span> <span class='ocrx_word' id='word_1_112' title='bbox 685 2479 915 2569; x_wconf 79' lang='lat' dir='ltr'><strong>conspexisset</strong></span> <span class='ocrx_word' id='word_1_113' title='bbox 940 2481 1084 2557; x_wconf 88' lang='lat' dir='ltr'><strong>Tranio,</strong></span> <span class='ocrx_word' id='word_1_114' title='bbox 1113 2478 1192 2545; x_wconf 90' lang='lat' dir='ltr'><strong>ilico</strong></span> 
     </span>
     <span class='ocr_line' id='line_1_17' title="bbox 111 2587 1192 2685; baseline 0.005 -31"><span class='ocrx_word' id='word_1_115' title='bbox 111 2587 153 2655; x_wconf 89' lang='lat' dir='ltr'><strong>de</strong></span> <span class='ocrx_word' id='word_1_116' title='bbox 181 2616 216 2654; x_wconf 91' lang='lat' dir='ltr'><strong>se</strong></span> <span class='ocrx_word' id='word_1_117' title='bbox 248 2607 357 2655; x_wconf 85' lang='lat' dir='ltr'><strong>actum</strong></span> <span class='ocrx_word' id='word_1_118' title='bbox 396 2617 468 2656; x_wconf 90' lang='lat' dir='ltr'><strong>esse</strong></span> <span class='ocrx_word' id='word_1_119' title='bbox 495 2617 696 2685; x_wconf 89' lang='lat' dir='ltr'><strong>omnemque</strong></span> <span class='ocrx_word' id='word_1_120' title='bbox 729 2592 880 2659; x_wconf 80' lang='lat' dir='ltr'><strong>fraudem</strong></span> <span class='ocrx_word' id='word_1_121' title='bbox 906 2619 997 2660; x_wconf 89' lang='lat' dir='ltr'><strong>suam</strong></span> <span class='ocrx_word' id='word_1_122' title='bbox 1025 2596 1192 2660; x_wconf 87' lang='lat' dir='ltr'><strong>etiamtum</strong></span> 
     </span>
     <span class='ocr_line' id='line_1_18' title="bbox 109 2706 1192 2800; baseline 0.005 -32"><span class='ocrx_word' id='word_1_123' title='bbox 109 2707 277 2796; x_wconf 84' lang='lat' dir='ltr'><strong>praesenti</strong></span> <span class='ocrx_word' id='word_1_124' title='bbox 299 2706 511 2800; x_wconf 85' lang='lat' dir='ltr'><strong>Theuropidi</strong></span> <span class='ocrx_word' id='word_1_125' title='bbox 524 2709 725 2800; x_wconf 75' lang='lat' dir='ltr'><strong>patefactum</strong></span> <span class='ocrx_word' id='word_1_126' title='bbox 739 2710 779 2774; x_wconf 90' lang='lat' dir='ltr'><strong>iri</strong></span> <span class='ocrx_word' id='word_1_127' title='bbox 792 2706 1021 2776; x_wconf 80' lang='lat' dir='ltr'><strong>intellexisset</strong></span> <span class='ocrx_word' id='word_1_128' title='bbox 1052 2708 1192 2791; x_wconf 86' lang='lat' dir='ltr'><strong>Quodsi,</strong></span> 
     </span>
     <span class='ocr_line' id='line_1_19' title="bbox 111 2820 1191 2917; baseline 0.005 -32"><span class='ocrx_word' id='word_1_129' title='bbox 111 2846 177 2912; x_wconf 91' lang='lat' dir='ltr'><strong>qno</strong></span> <span class='ocrx_word' id='word_1_130' title='bbox 205 2845 239 2886; x_wconf 94' lang='lat' dir='ltr'><strong>se</strong></span> <span class='ocrx_word' id='word_1_131' title='bbox 266 2820 469 2903; x_wconf 87' lang='lat' dir='ltr'><strong>abdiderint,</strong></span> <span class='ocrx_word' id='word_1_132' title='bbox 497 2826 638 2917; x_wconf 86' lang='lat' dir='ltr'><strong>quaeris,</strong></span> <span class='ocrx_word' id='word_1_133' title='bbox 663 2848 730 2891; x_wconf 91' lang='lat' dir='ltr'><strong>non</strong></span> <span class='ocrx_word' id='word_1_134' title='bbox 749 2842 799 2890; x_wconf 88' lang='lat' dir='ltr'><strong>est</strong></span> <span class='ocrx_word' id='word_1_135' title='bbox 822 2823 955 2891; x_wconf 86' lang='lat' dir='ltr'><strong>difficile</strong></span> <span class='ocrx_word' id='word_1_136' title='bbox 970 2823 1191 2916; x_wconf 87' lang='lat' dir='ltr'><strong>respondere.</strong></span> 
     </span>
     <span class='ocr_line' id='line_1_20' title="bbox 111 2937 1192 3031; baseline 0.006 -32"><span class='ocrx_word' id='word_1_137' title='bbox 111 2938 247 3027; x_wconf 86' lang='lat' dir='ltr'><strong>Quippe</strong></span> <span class='ocrx_word' id='word_1_138' title='bbox 284 2962 370 3028; x_wconf 92' lang='lat' dir='ltr'><strong>pone</strong></span> <span class='ocrx_word' id='word_1_139' title='bbox 405 2937 606 3004; x_wconf 87' lang='lat' dir='ltr'><strong>vestibulum</strong></span> <span class='ocrx_word' id='word_1_140' title='bbox 642 2939 776 3004; x_wconf 88' lang='lat' dir='ltr'><strong>aedium</strong></span> <span class='ocrx_word' id='word_1_141' title='bbox 813 2939 1119 3031; x_wconf 87' lang='lat' dir='ltr'><strong>Theuropidiarom</strong></span> <span class='ocrx_word' id='word_1_142' title='bbox 1157 2963 1192 3005; x_wconf 88' lang='lat' dir='ltr'><strong>se</strong></span> 
     </span>
     <span class='ocr_line' id='line_1_21' title="bbox 108 3054 1192 3148; baseline 0.004 -32"><span class='ocrx_word' id='word_1_143' title='bbox 108 3070 322 3143; x_wconf 84' lang='lat' dir='ltr'><strong>receperant,</strong></span> <span class='ocrx_word' id='word_1_144' title='bbox 349 3070 381 3118; x_wconf 91' lang='lat' dir='ltr'><strong>et</strong></span> <span class='ocrx_word' id='word_1_145' title='bbox 403 3077 490 3145; x_wconf 88' lang='lat' dir='ltr'><strong>pone</strong></span> <span class='ocrx_word' id='word_1_146' title='bbox 518 3080 594 3119; x_wconf 82' lang='lat' dir='ltr'><strong>curn</strong></span> <span class='ocrx_word' id='word_1_147' title='bbox 613 3054 751 3147; x_wconf 88' lang='lat' dir='ltr'><strong>quidem</strong></span> <span class='ocrx_word' id='word_1_148' title='bbox 768 3056 930 3148; x_wconf 86' lang='lat' dir='ltr'><strong>parietem</strong></span> <span class='ocrx_word' id='word_1_149' title='bbox 944 3055 1107 3134; x_wconf 86' lang='lat' dir='ltr'><strong>vestibuli,</strong></span> <span class='ocrx_word' id='word_1_150' title='bbox 1134 3057 1192 3148; x_wconf 84' lang='lat' dir='ltr'><strong>qui</strong></span> 
     </span>
     <span class='ocr_line' id='line_1_22' title="bbox 108 3166 1191 3256; baseline 0.003 -25"><span class='ocrx_word' id='word_1_151' title='bbox 108 3194 125 3231; x_wconf 90' lang='lat' dir='ltr'><strong>a</strong></span> <span class='ocrx_word' id='word_1_152' title='bbox 149 3167 308 3234; x_wconf 83' lang='lat' dir='ltr'><strong>Sirnoniis</strong></span> <span class='ocrx_word' id='word_1_153' title='bbox 334 3166 474 3234; x_wconf 85' lang='lat' dir='ltr'><strong>nedibus</strong></span> <span class='ocrx_word' id='word_1_154' title='bbox 497 3170 658 3236; x_wconf 88' lang='lat' dir='ltr'><strong>remotior</strong></span> <span class='ocrx_word' id='word_1_155' title='bbox 677 3189 774 3237; x_wconf 89' lang='lat' dir='ltr'><strong>essct.</strong></span> <span class='ocrx_word' id='word_1_156' title='bbox 811 3170 984 3256; x_wconf 81' lang='lat' dir='ltr'><strong>Frequens·</strong></span> <span class='ocrx_word' id='word_1_157' title='bbox 1011 3173 1191 3237; x_wconf 88' lang='lat' dir='ltr'><strong>enimcum</strong></span> 
     </span>
    </p>
   </div>
   <div class='ocr_carea' id='block_1_3' title="bbox 111 3366 371 3378">
    <p class='ocr_par' dir='ltr' id='par_1_6' title="bbox 111 3366 371 3378">
     <span class='ocr_line' id='line_1_23' title="bbox 111 3366 371 3378; baseline -0.012 -1"><span class='ocrx_word' id='word_1_158' title='bbox 111 3366 371 3378; x_wconf 67' lang='lat'><strong>.=-·-——--—-—-⁴</strong></span> 
     </span>
    </p>
   </div>
   <div class='ocr_carea' id='block_1_4' title="bbox 119 3432 1192 3628">
    <p class='ocr_par' dir='ltr' id='par_1_7' title="bbox 119 3432 1192 3628">
     <span class='ocr_line' id='line_1_24' title="bbox 119 3432 1192 3537; baseline 0.004 -21"><span class='ocrx_word' id='word_1_159' title='bbox 119 3432 123 3439; x_wconf 33' lang='lat'>¹</span> <span class='ocrx_word' id='word_1_160' title='bbox 165 3467 192 3534; x_wconf 52' lang='grc' dir='ltr'><strong>θ)</strong></span> <span class='ocrx_word' id='word_1_161' title='bbox 210 3464 287 3516; x_wconf 77' lang='lat' dir='ltr'><strong>nutu</strong></span> <span class='ocrx_word' id='word_1_162' title='bbox 307 3465 373 3517; x_wconf 79' lang='lat' dir='ltr'><strong>iiaio</strong></span> <span class='ocrx_word' id='word_1_163' title='bbox 393 3465 456 3517; x_wconf 79' lang='lat' dir='ltr'><strong>tides</strong></span> <span class='ocrx_word' id='word_1_164' title='bbox 476 3465 602 3533; x_wconf 84' lang='lat' dir='ltr'><strong>habenda,</strong></span> <span class='ocrx_word' id='word_1_165' title='bbox 619 3469 697 3537; x_wconf 90' lang='lat' dir='ltr'><strong>quiin</strong></span> <span class='ocrx_word' id='word_1_166' title='bbox 716 3467 985 3520; x_wconf 78' lang='lat' dir='ltr'><strong>Ambrosianocodicc</strong></span> <span class='ocrx_word' id='word_1_167' title='bbox 1003 3470 1041 3521; x_wconf 88' lang='lat' dir='ltr'><strong>sic</strong></span> <span class='ocrx_word' id='word_1_168' title='bbox 1062 3467 1113 3537; x_wconf 78' lang='lat' dir='ltr'><strong>legi</strong></span> <span class='ocrx_word' id='word_1_169' title='bbox 1124 3467 1192 3520; x_wconf 83' lang='lat' dir='ltr'><strong>hunc</strong></span> 
     </span>
     <span class='ocr_line' id='line_1_25' title="bbox 212 3560 486 3628; baseline 0.007 -17"><span class='ocrx_word' id='word_1_170' title='bbox 212 3576 314 3613; x_wconf 85' lang='lat' dir='ltr'><strong>versum</strong></span> <span class='ocrx_word' id='word_1_171' title='bbox 335 3560 486 3628; x_wconf 82' lang='lat' dir='ltr'><strong>perhibeat:</strong></span> 
     </span>
    </p>
   </div>
   <div class='ocr_carea' id='block_1_5' title="bbox 137 3657 1194 4589">
    <p class='ocr_par' dir='ltr' id='par_1_8' title="bbox 137 3657 1122 3823">
     <span class='ocr_line' id='line_1_26' title="bbox 137 3657 1122 3730; baseline 0.004 -23"><span class='ocrx_word' id='word_1_172' title='bbox 137 3722 140 3727; x_wconf 25' lang='lat'><em>⁴</em></span> <span class='ocrx_word' id='word_1_173' title='bbox 248 3657 342 3708; x_wconf 79' lang='lat' dir='ltr'><strong>Dicam</strong></span> <span class='ocrx_word' id='word_1_174' title='bbox 359 3666 387 3708; x_wconf 81' lang='lat' dir='ltr'><strong>ut</strong></span> <span class='ocrx_word' id='word_1_175' title='bbox 407 3658 469 3709; x_wconf 78' lang='lat' dir='ltr'><strong>irinc</strong></span> <span class='ocrx_word' id='word_1_176' title='bbox 485 3674 528 3710; x_wconf 80' lang='lat' dir='ltr'><strong>res</strong></span> <span class='ocrx_word' id='word_1_177' title='bbox 547 3666 583 3710; x_wconf 81' lang='lat' dir='ltr'><strong>est</strong></span> <span class='ocrx_word' id='word_1_178' title='bbox 601 3675 693 3726; x_wconf 77' lang='lat' dir='ltr'><strong>quaeso</strong></span> <span class='ocrx_word' id='word_1_179' title='bbox 713 3664 803 3730; x_wconf 78' lang='lat' dir='ltr'><strong>ur(mu</strong></span> <span class='ocrx_word' id='word_1_180' title='bbox 818 3662 899 3729; x_wconf 69' lang='lat' dir='ltr'><strong>ferte)</strong></span> <span class='ocrx_word' id='word_1_181' title='bbox 918 3677 1022 3712; x_wconf 77' lang='lat' dir='ltr'><strong>manum</strong></span> <span class='ocrx_word' id='word_1_182' title='bbox 1037 3662 1122 3730; x_wconf 81' lang='lat' dir='ltr'><strong>pueri.</strong></span> 
     </span>
     <span class='ocr_line' id='line_1_27' title="bbox 209 3751 855 3823; baseline 0.005 -21"><span class='ocrx_word' id='word_1_183' title='bbox 209 3751 308 3803; x_wconf 83' lang='lat' dir='ltr'><strong>Nostris</strong></span> <span class='ocrx_word' id='word_1_184' title='bbox 327 3753 409 3805; x_wconf 89' lang='lat' dir='ltr'><strong>oculis</strong></span> <span class='ocrx_word' id='word_1_185' title='bbox 426 3753 490 3804; x_wconf 83' lang='lat' dir='ltr'><strong>nihil</strong></span> <span class='ocrx_word' id='word_1_186' title='bbox 507 3755 557 3805; x_wconf 84' lang='lat' dir='ltr'><strong>nisi</strong></span> <span class='ocrx_word' id='word_1_187' title='bbox 576 3754 641 3806; x_wconf 81' lang='lat' dir='ltr'><strong>inec</strong></span> <span class='ocrx_word' id='word_1_188' title='bbox 665 3763 855 3823; x_wconf 77' lang='lat' dir='ltr'><strong>apparuerunt:</strong></span> 
     </span>
    </p>

    <p class='ocr_par' dir='ltr' id='par_1_9' title="bbox 209 3849 1194 4394">
     <span class='ocr_line' id='line_1_28' title="bbox 246 3849 1194 3920; baseline 0.003 -20"><span class='ocrx_word' id='word_1_189' title='bbox 246 3849 339 3920; x_wconf 72' lang='lat' dir='ltr'><strong>Ilicem</strong></span> <span class='ocrx_word' id='word_1_190' title='bbox 360 3858 388 3902; x_wconf 82' lang='lat' dir='ltr'><strong>ut</strong></span> <span class='ocrx_word' id='word_1_191' title='bbox 407 3851 467 3902; x_wconf 80' lang='lat' dir='ltr'><strong>irinc</strong></span> <span class='ocrx_word' id='word_1_192' title='bbox 486 3868 528 3903; x_wconf 80' lang='lat' dir='ltr'><strong>rer</strong></span> <span class='ocrx_word' id='word_1_193' title='bbox 548 3852 1194 3919; x_wconf 79' lang='lat' dir='ltr'><strong>sintqu..r.............:..moueri</strong></span> 
     </span>
     <span class='ocr_line' id='line_1_29' title="bbox 209 3944 1192 4014; baseline 0.004 -20"><span class='ocrx_word' id='word_1_194' title='bbox 209 3951 237 3994; x_wconf 91' lang='lat' dir='ltr'><strong>nt</strong></span> <span class='ocrx_word' id='word_1_195' title='bbox 254 3944 286 3995; x_wconf 83' lang='lat' dir='ltr'><strong>dc</strong></span> <span class='ocrx_word' id='word_1_196' title='bbox 307 3962 339 3996; x_wconf 89' lang='lat' dir='ltr'><strong>eo</strong></span> <span class='ocrx_word' id='word_1_197' title='bbox 358 3954 428 3996; x_wconf 84' lang='lat' dir='ltr'><strong>certe</strong></span> <span class='ocrx_word' id='word_1_198' title='bbox 449 3947 552 3998; x_wconf 86' lang='lat' dir='ltr'><strong>nonsit</strong></span> <span class='ocrx_word' id='word_1_199' title='bbox 572 3945 746 4008; x_wconf 84' lang='lat' dir='ltr'><strong>dubitandum,</strong></span> <span class='ocrx_word' id='word_1_200' title='bbox 767 3947 828 4014; x_wconf 89' lang='lat' dir='ltr'><strong>quin</strong></span> <span class='ocrx_word' id='word_1_201' title='bbox 845 3947 983 3998; x_wconf 70' lang='lat' dir='ltr'><strong>amaverim</strong></span> <span class='ocrx_word' id='word_1_202' title='bbox 1000 3948 1121 4012; x_wconf 84' lang='lat' dir='ltr'><strong>scripturn</strong></span> <span class='ocrx_word' id='word_1_203' title='bbox 1133 3947 1192 3998; x_wconf 85' lang='lat' dir='ltr'><strong>iue-</strong></span> 
     </span>
     <span class='ocr_line' id='line_1_30' title="bbox 210 4025 1193 4108; baseline 0.003 -18"><span class='ocrx_word' id='word_1_204' title='bbox 210 4039 242 4090; x_wconf 83' lang='lat' dir='ltr'><strong>rit</strong></span> <span class='ocrx_word' id='word_1_205' title='bbox 263 4039 287 4088; x_wconf 93' lang='lat' dir='ltr'><strong>in</strong></span> <span class='ocrx_word' id='word_1_206' title='bbox 307 4040 358 4090; x_wconf 79' lang='lat' dir='ltr'><strong>fine</strong></span> <span class='ocrx_word' id='word_1_207' title='bbox 378 4057 476 4092; x_wconf 85' lang='lat' dir='ltr'><strong>versus.</strong></span> <span class='ocrx_word' id='word_1_208' title='bbox 513 4039 570 4105; x_wconf 83' lang='lat' dir='ltr'><strong>Quo</strong></span> <span class='ocrx_word' id='word_1_209' title='bbox 590 4041 616 4092; x_wconf 92' lang='lat' dir='ltr'><strong>in</strong></span> <span class='ocrx_word' id='word_1_210' title='bbox 635 4041 693 4091; x_wconf 90' lang='lat' dir='ltr'><strong>loco</strong></span> <span class='ocrx_word' id='word_1_211' title='bbox 710 4039 847 4107; x_wconf 84' lang='lat' dir='ltr'><strong>aliquoties</strong></span> <span class='ocrx_word' id='word_1_212' title='bbox 869 4039 915 4091; x_wconf 85' lang='lat' dir='ltr'><strong>ilie</strong></span> <span class='ocrx_word' id='word_1_213' title='bbox 934 4039 1001 4091; x_wconf 88' lang='lat' dir='ltr'><strong>liber</strong></span> <span class='ocrx_word' id='word_1_214' title='bbox 1018 4025 1032 4091; x_wconf 84' lang='lat' dir='ltr'><strong>l</strong></span> <span class='ocrx_word' id='word_1_215' title='bbox 1049 4039 1126 4092; x_wconf 84' lang='lat' dir='ltr'><strong>habet</strong></span> <span class='ocrx_word' id='word_1_216' title='bbox 1146 4056 1193 4108; x_wconf 78' lang='lat' dir='ltr'><strong>pro</strong></span> 
     </span>
     <span class='ocr_line' id='line_1_31' title="bbox 211 4133 1193 4204; baseline 0.005 -20"><span class='ocrx_word' id='word_1_217' title='bbox 211 4133 247 4185; x_wconf 80' lang='lat' dir='ltr'><strong>lii</strong></span> <span class='ocrx_word' id='word_1_218' title='bbox 266 4142 292 4185; x_wconf 89' lang='lat' dir='ltr'><strong>et</strong></span> <span class='ocrx_word' id='word_1_219' title='bbox 309 4151 375 4202; x_wconf 85' lang='lat' dir='ltr'><strong>qnne</strong></span> <span class='ocrx_word' id='word_1_220' title='bbox 393 4136 418 4186; x_wconf 87' lang='lat' dir='ltr'><strong>id</strong></span> <span class='ocrx_word' id='word_1_221' title='bbox 440 4152 522 4204; x_wconf 77' lang='lat' dir='ltr'><strong>genna</strong></span> <span class='ocrx_word' id='word_1_222' title='bbox 541 4136 592 4188; x_wconf 76' lang='lat' dir='ltr'><strong>elia</strong></span> <span class='ocrx_word' id='word_1_223' title='bbox 613 4144 680 4187; x_wconf 85' lang='lat' dir='ltr'><strong>sunt.</strong></span> <span class='ocrx_word' id='word_1_224' title='bbox 717 4134 772 4188; x_wconf 80' lang='lat' dir='ltr'><strong>Nec</strong></span> <span class='ocrx_word' id='word_1_225' title='bbox 789 4137 925 4204; x_wconf 83' lang='lat' dir='ltr'><strong>quicquam</strong></span> <span class='ocrx_word' id='word_1_226' title='bbox 945 4136 1059 4202; x_wconf 86' lang='lat' dir='ltr'><strong>ineptius</strong></span> <span class='ocrx_word' id='word_1_227' title='bbox 1079 4137 1193 4189; x_wconf 70' lang='lat' dir='ltr'><strong>rer-bist</strong></span> 
     </span>
     <span class='ocr_line' id='line_1_32' title="bbox 211 4229 1192 4300; baseline 0.007 -22"><span class='ocrx_word' id='word_1_228' title='bbox 211 4229 277 4279; x_wconf 81' lang='lat' dir='ltr'><strong>ilaiu</strong></span> <span class='ocrx_word' id='word_1_229' title='bbox 296 4230 394 4296; x_wconf 85' lang='lat' dir='ltr'><strong>positis.</strong></span> <span class='ocrx_word' id='word_1_230' title='bbox 433 4233 516 4283; x_wconf 78' lang='lat' dir='ltr'><strong>Vnum</strong></span> <span class='ocrx_word' id='word_1_231' title='bbox 535 4231 644 4297; x_wconf 76' lang='lat' dir='ltr'><strong>silini,</strong></span> <span class='ocrx_word' id='word_1_232' title='bbox 662 4231 730 4299; x_wconf 84' lang='lat' dir='ltr'><strong>qnod</strong></span> <span class='ocrx_word' id='word_1_233' title='bbox 752 4238 791 4283; x_wconf 88' lang='lat' dir='ltr'><strong>est</strong></span> <span class='ocrx_word' id='word_1_234' title='bbox 810 4232 868 4298; x_wconf 86' lang='lat' dir='ltr'><strong>post</strong></span> <span class='ocrx_word' id='word_1_235' title='bbox 886 4229 945 4295; x_wconf 82' lang='lat' dir='ltr'><strong>Qu.</strong></span> <span class='ocrx_word' id='word_1_236' title='bbox 961 4269 986 4293; x_wconf 92' lang='lat'><strong>.,</strong></span> <span class='ocrx_word' id='word_1_237' title='bbox 1006 4230 1101 4284; x_wconf 81' lang='lat' dir='ltr'><strong>haereo</strong></span> <span class='ocrx_word' id='word_1_238' title='bbox 1117 4248 1192 4300; x_wconf 82' lang='lat' dir='ltr'><strong>quam</strong></span> 
     </span>
     <span class='ocr_line' id='line_1_33' title="bbox 210 4326 1192 4394; baseline 0.009 -20"><span class='ocrx_word' id='word_1_239' title='bbox 210 4326 236 4374; x_wconf 88' lang='lat' dir='ltr'><strong>in</strong></span> <span class='ocrx_word' id='word_1_240' title='bbox 255 4334 351 4391; x_wconf 85' lang='lat' dir='ltr'><strong>partem</strong></span> <span class='ocrx_word' id='word_1_241' title='bbox 372 4327 533 4394; x_wconf 85' lang='lat' dir='ltr'><strong>interpreter.</strong></span> <span class='ocrx_word' id='word_1_242' title='bbox 577 4329 650 4393; x_wconf 79' lang='lat' dir='ltr'><strong>Quod</strong></span> <span class='ocrx_word' id='word_1_243' title='bbox 678 4328 721 4379; x_wconf 83' lang='lat' dir='ltr'><strong>nbi</strong></span> <span class='ocrx_word' id='word_1_244' title='bbox 745 4329 849 4380; x_wconf 82' lang='lat' dir='ltr'><strong>missurn</strong></span> <span class='ocrx_word' id='word_1_245' title='bbox 867 4326 979 4390; x_wconf 82' lang='lat' dir='ltr'><strong>lecerit,</strong></span> <span class='ocrx_word' id='word_1_246' title='bbox 1006 4328 1192 4383; x_wconf 76' lang='lat' dir='ltr'><strong>inlitteratum</strong></span> 
     </span>
    </p>

    <p class='ocr_par' dir='ltr' id='par_1_10' title="bbox 144 4422 1191 4589">
     <span class='ocr_line' id='line_1_34' title="bbox 144 4422 1191 4493; baseline 0.009 -23"><span class='ocrx_word' id='word_1_247' title='bbox 144 4422 146 4428; x_wconf 80' lang='grc'>’</span> <span class='ocrx_word' id='word_1_248' title='bbox 207 4422 288 4486; x_wconf 84' lang='lat' dir='ltr'><strong>spatia</strong></span> <span class='ocrx_word' id='word_1_249' title='bbox 307 4437 337 4472; x_wconf 86' lang='lat' dir='ltr'><strong>ca</strong></span> <span class='ocrx_word' id='word_1_250' title='bbox 358 4438 424 4490; x_wconf 83' lang='lat' dir='ltr'><strong>quse</strong></span> <span class='ocrx_word' id='word_1_251' title='bbox 443 4423 563 4492; x_wconf 76' lang='lat' dir='ltr'><strong>vulgetur</strong></span> <span class='ocrx_word' id='word_1_252' title='bbox 584 4428 709 4492; x_wconf 80' lang='lat' dir='ltr'><strong>scripturn</strong></span> <span class='ocrx_word' id='word_1_253' title='bbox 726 4426 843 4493; x_wconf 84' lang='lat' dir='ltr'><strong>opprime</strong></span> <span class='ocrx_word' id='word_1_254' title='bbox 860 4427 990 4477; x_wconf 87' lang='lat' dir='ltr'><strong>convenit.</strong></span> <span class='ocrx_word' id='word_1_255' title='bbox 1008 4457 1041 4466; x_wconf 85' lang='lat'>—</span> <span class='ocrx_word' id='word_1_256' title='bbox 1072 4428 1191 4479; x_wconf 84' lang='lat' dir='ltr'><strong>Ceterum</strong></span> 
     </span>
     <span class='ocr_line' id='line_1_35' title="bbox 210 4518 1190 4589; baseline 0.007 -24"><span class='ocrx_word' id='word_1_257' title='bbox 210 4533 265 4567; x_wconf 83' lang='lat' dir='ltr'><strong>rum</strong></span> <span class='ocrx_word' id='word_1_258' title='bbox 285 4518 309 4568; x_wconf 91' lang='lat' dir='ltr'><strong>in</strong></span> <span class='ocrx_word' id='word_1_259' title='bbox 329 4521 431 4586; x_wconf 83' lang='lat' dir='ltr'><strong>scriptis</strong></span> <span class='ocrx_word' id='word_1_260' title='bbox 451 4518 522 4570; x_wconf 85' lang='lat' dir='ltr'><strong>libris</strong></span> <span class='ocrx_word' id='word_1_261' title='bbox 543 4521 575 4570; x_wconf 86' lang='lat' dir='ltr'><strong>sit</strong></span> <span class='ocrx_word' id='word_1_262' title='bbox 595 4530 670 4588; x_wconf 82' lang='lat' dir='ltr'><strong>utque</strong></span> <span class='ocrx_word' id='word_1_263' title='bbox 682 4531 709 4572; x_wconf 86' lang='lat' dir='ltr'><strong>ut</strong></span> <span class='ocrx_word' id='word_1_264' title='bbox 727 4521 796 4573; x_wconf 75' lang='lat' dir='ltr'><strong>lunc</strong></span> <span class='ocrx_word' id='word_1_265' title='bbox 813 4520 874 4572; x_wconf 77' lang='lat' dir='ltr'><strong>linc</strong></span> <span class='ocrx_word' id='word_1_266' title='bbox 891 4522 1037 4583; x_wconf 65' lang='lat' dir='ltr'><strong>amaverim,</strong></span> <span class='ocrx_word' id='word_1_267' title='bbox 1056 4524 1152 4589; x_wconf 83' lang='lat' dir='ltr'><strong>poteris</strong></span> <span class='ocrx_word' id='word_1_268' title='bbox 1170 4525 1190 4576; x_wconf 82' lang='lat' dir='ltr'><strong>si</strong></span> 
     </span>
    </p>
   </div>
   <div class='ocr_carea' id='block_1_6' title="bbox 207 4612 1191 4756">
    <p class='ocr_par' dir='ltr' id='par_1_11' title="bbox 207 4612 1191 4756">
     <span class='ocr_line' id='line_1_36' title="bbox 209 4612 1191 4685; baseline 0.005 -22"><span class='ocrx_word' id='word_1_269' title='bbox 209 4612 288 4663; x_wconf 83' lang='lat' dir='ltr'><strong>males</strong></span> <span class='ocrx_word' id='word_1_270' title='bbox 309 4613 341 4664; x_wconf 84' lang='lat' dir='ltr'><strong>du</strong></span> <span class='ocrx_word' id='word_1_271' title='bbox 361 4613 448 4682; x_wconf 80' lang='lat' dir='ltr'><strong>elapsa</strong></span> <span class='ocrx_word' id='word_1_272' title='bbox 469 4614 569 4681; x_wconf 65' lang='lat' dir='ltr'><strong>syllaba</strong></span> <span class='ocrx_word' id='word_1_273' title='bbox 590 4618 723 4683; x_wconf 79' lang='lat' dir='ltr'><strong>cogitare:</strong></span> <span class='ocrx_word' id='word_1_274' title='bbox 743 4626 818 4684; x_wconf 82' lang='lat' dir='ltr'><strong>atque</strong></span> <span class='ocrx_word' id='word_1_275' title='bbox 834 4626 862 4669; x_wconf 81' lang='lat' dir='ltr'><strong>ut</strong></span> <span class='ocrx_word' id='word_1_276' title='bbox 879 4635 940 4685; x_wconf 69' lang='lat' dir='ltr'><strong>epu</strong></span> <span class='ocrx_word' id='word_1_277' title='bbox 959 4617 1026 4668; x_wconf 86' lang='lat' dir='ltr'><strong>ltttnc</strong></span> <span class='ocrx_word' id='word_1_278' title='bbox 1044 4619 1105 4669; x_wconf 72' lang='lat' dir='ltr'><strong>hinc</strong></span> <span class='ocrx_word' id='word_1_279' title='bbox 1118 4634 1191 4668; x_wconf 84' lang='lat' dir='ltr'><strong>umo-</strong></span> 
     </span>
     <span class='ocr_line' id='line_1_37' title="bbox 207 4721 294 4756; baseline -0.034 0"><span class='ocrx_word' id='word_1_280' title='bbox 207 4721 294 4756; x_wconf 73' lang='lat' dir='ltr'><strong>rerum.</strong></span> 
     </span>
    </p>
   </div>
   <div class='ocr_carea' id='block_1_7' title="bbox 0 0 1414 5332">
    <p class='ocr_par' dir='ltr' id='par_1_12' title="bbox 0 0 1414 5332">
     <span class='ocr_line' id='line_1_38' title="bbox 0 0 1414 5332; baseline 0 0"><span class='ocrx_word' id='word_1_281' title='bbox 0 0 1414 5332; x_wconf 95' lang='lat' dir='ltr'><strong> </strong></span> 
     </span>
    </p>
   </div>
  </div>
 </body>
</html>
