2820 5332
243 683 315 756 468
460 706 526 747 vui.
561 705 604 745 na
629 703 778 746 renarro
806 700 976 746 seruauere
1004 698 1124 772 ouutua

241 877 290 940 vel
325 877 365 940 ab
398 894 467 940 arte
502 891 622 965 poetae
650 872 700 938 vel
727 900 744 939 u
771 899 808 939 re
840 875 910 966 ipsa
944 890 1110 941 metueret
1141 870 1331 941 Acidaiius.

242 989 342 1057 Aliud
377 1007 425 1054 est
447 989 533 1052 enim
560 988 611 1052 bis
638 987 778 1053 eandem
804 1014 874 1054 rem
910 989 1078 1067 enarrari,
1111 987 1200 1055 aliud
1227 1014 1244 1054 a
1271 988 1332 1055 di-

241 1106 344 1170 scrsis
366 1103 527 1195 personis,
555 1101 774 1168 diversissima
801 1105 947 1169 omnium
972 1126 1085 1168 rerum
1112 1101 1328 1183 condicione,

242 1223 289 1285 rei
315 1244 474 1284 summam
498 1217 609 1284 denuo
634 1219 742 1310 tangi,
768 1235 802 1284 et
828 1220 869 1284 ita
898 1216 1032 1310 quidem
1059 1220 1167 1312 tangi,
1194 1235 1230 1283 ut
1255 1245 1328 1285 non

241 1361 279 1398 ee
306 1337 376 1426 ipsa
402 1359 439 1399 re
464 1332 520 1398 illa
554 1352 732 1425 quaeratur
763 1333 951 1414 oblectatio,
978 1332 1041 1400 sed
1073 1360 1113 1400 ex
1144 1334 1329 1401 affectuum

241 1451 421 1528 varietate,
458 1473 542 1540 quos
570 1474 645 1515 eum
672 1448 727 1514 illa
759 1451 897 1527 excitet,
937 1466 1006 1514 tum
1031 1474 1095 1541 per
1128 1447 1326 1517 altercanti-

241 1594 311 1646 um,
337 1567 604 1658 obiurgautium,
632 1563 717 1631 male
742 1565 1051 1657 interpretantium,
1074 1567 1322 1659 obstupescen-

240 1684 319 1748 tium
352 1705 524 1748 sermones
556 1679 749 1747 ioculariter
788 1700 888 1773 poeta
923 1699 1153 1774 persequatur.
1207 1681 1325 1765 Quid?

167 1874 170 1879 g
242 1796 332 1890 quod
358 1797 416 1863 illa
440 1823 483 1862 nc
521 1813 702 1888 potuerunt
735 1796 869 1888 quidem
896 1797 1046 1864 breviter
1078 1798 1154 1890 agi,
1187 1785 1324 1891 quando

240 1916 358 1981 merito
382 1941 399 1979 a
426 1915 552 1981 comico
577 1932 675 2004 poeta
701 1913 766 1980 hoc
788 1914 1003 2006 requirimus,
1029 1930 1066 1981 ut
1079 1914 1185 2007 ipsam
1207 1937 1325 1980 rerum

240 2032 409 2097 veritatem
444 2047 599 2122 tanquam
634 2030 718 2094 vitae
752 2028 889 2121 speculo
926 2028 1039 2124 aliquo
1071 2027 1175 2098 oculis
1197 2029 1323 2097 nostris

239 2163 481 2237 repraesentet.
517 2145 573 2223 Vt,
598 2145 625 2209 si
650 2142 751 2211 modo
779 2170 856 2211 veru
883 2163 977 2225 esset,
1001 2161 1113 2212 tamen
1140 2169 1208 2213 nou
1233 2145 1322 2212 hanc

239 2263 304 2327 rim
319 2259 459 2324 Acidalii
479 2262 684 2327 ratiocinatio
699 2261 851 2340 haberet,
878 2277 913 2327 ut
928 2259 1189 2329 contrahendam
1204 2263 1324 2328 Theu-

238 2373 367 2467 ropidis
396 2393 430 2440 et
451 2373 595 2441 Simonis
622 2374 931 2467 expostulationem,
957 2373 1017 2441 sed
1042 2367 1224 2443 utomniuo
1249 2397 1324 2440 nou

238 2492 272 2554 in
298 2491 368 2580 ipsa
395 2513 495 2555 scena
519 2512 630 2555 coram
652 2491 893 2582 spectatoribus
912 2489 1082 2585 agendam,
1107 2514 1221 2555 verum
1248 2507 1323 2555 tan-

239 2630 338 2696 quam
365 2605 405 2670 ab
432 2603 496 2670 illis
522 2605 638 2673 saetam
666 2624 790 2674 tantum
809 2606 1005 2673 narrandam
1026 2606 1125 2673 fuisse
1149 2604 1323 2672 coneede-

238 2745 359 2787 remus.
419 2723 511 2804 Quae
545 2723 653 2786 omnia
680 2722 706 2787 si
740 2723 792 2793 cui
817 2720 967 2788 noudum
1000 2722 1074 2787 satis
1101 2746 1174 2787 esse
1200 2719 1243 2787 ad
1264 2747 1321 2787 re·

238 2835 463 2927 darguendam
488 2835 631 2902 Acidalii
656 2840 900 2904 excusationem
921 2835 1140 2918 ridebuntur,
1166 2837 1320 2930 gravissi-

238 2980 289 3018 ma
318 2954 401 3020 haee
428 2971 582 3045 reputato
612 2979 653 3019 ex
679 2955 750 3045 ipsa
775 2952 886 3045 lingua
913 2978 1068 3046 nexuque
1082 2952 1320 3019 sententiarum

237 3069 348 3158 petita.
403 3071 547 3132 Primum
574 3069 672 3147 enim,
696 3093 854 3160 quorsum
880 3069 945 3132 lzoc
966 3085 998 3133 et
1023 3070 1090 3133 tuis
1112 3081 1266 3159 spectant
1290 3092 1320 3132 v.

238 3182 311 3253 34?
363 3182 511 3262 Deinde,
538 3186 611 3275 quis
638 3183 770 3248 tandem
800 3202 865 3261 est,
893 3183 948 3276 qui
976 3182 1044 3249 filio
1070 3181 1156 3249 velle
1178 3205 1320 3248 uxorem

238 3294 317 3362 dare
340 3295 594 3389 Theuropidem
620 3297 760 3363 aiebat?
824 3300 979 3390 Denique
1007 3295 1185 3389 quidest,
1225 3295 1319 3389 quod

236 3398 442 3502 respondere
465 3412 555 3479 Simo
582 3411 833 3505 Theuropidem
860 3414 951 3479 iubet
972 3439 1000 3478 v.
1027 3413 1096 3489 32,
1127 3435 1192 3477 nec
1223 3411 1319 3502 quie-

236 3552 332 3618 quam
360 3546 469 3592 tamen
496 3554 536 3593 ex
564 3553 603 3595 eo
631 3529 782 3621 quaerit?
840 3529 928 3620 Ergo
964 3526 1006 3594 dc
1031 3525 1149 3594 lacuna
1180 3523 1318 3618 quidem

235 3668 309 3708 curu
337 3640 480 3708 dubitari
503 3669 640 3735 prorsus
666 3661 818 3737 nequeat,
844 3645 910 3710 hoc
929 3669 1030 3708 unum
1045 3641 1140 3708 facile
1154 3639 1319 3734 quispiam

234 3759 422 3850 atubiguum
459 3758 596 3837 dixerit,
635 3778 764 3826 tantane
805 3759 861 3824 illa
906 3757 1058 3826 videatur
1099 3782 1172 3823 esse
1205 3778 1317 3848 posse,

235 3891 355 3967 sprauto
383 3876 479 3940 trium
506 3893 538 3939 et
562 3877 675 3966 viginti
701 3901 854 3940 versuum
882 3875 1024 3966 spatium
1050 3889 1180 3964 aequet.
1241 3872 1317 3937 Non

234 4014 317 4082 opus
346 4015 417 4055 esse
445 4006 492 4054 tot
519 3992 666 4055 versibus
693 3989 734 4055 ad
763 4015 838 4055 eum
862 4015 964 4081 quem
978 3988 1179 4080 requirimus
1194 4008 1316 4050 nexum

234 4104 540 4197 redintegrandum,
567 4105 602 4171 id
629 4104 767 4197 quidem
794 4105 941 4172 fortassis
966 4103 1153 4196 largiamur.
1192 4101 1317 4167 Contra

235 4221 292 4285 ubi
326 4239 462 4311 praeter
495 4247 595 4287 uuum
630 4220 722 4287 illum
754 4221 864 4289 locum
903 4223 958 4307 (et
984 4244 1060 4286 eum
1087 4241 1187 4311 quem
1222 4235 1319 4282 antea

233 4334 472 4430 indagavimus)
500 4336 626 4429 aliquid
653 4339 686 4402 in
713 4338 774 4404 hac
800 4355 867 4404 tota
891 4363 990 4404 scena
1016 4334 1178 4402 excidisse
1197 4331 1318 4413 dicam,

233 4478 370 4544 prorsus
398 4477 464 4519 non
490 4452 611 4521 habeo.
663 4453 841 4532 Habcrcm,
868 4457 894 4519 si
922 4451 966 4518 ‹le
983 4455 1133 4546 proxima
1151 4467 1318 4546 ageretur,

235 4568 291 4630 ubi
319 4565 362 4631 de
389 4566 515 4632 lacunis
540 4594 614 4634 cum
633 4567 711 4633 alibi
738 4570 874 4661 eogitari
888 4585 1012 4660 potest,
1039 4587 1105 4634 tum
1121 4591 1188 4633 non
1206 4583 1319 4658 potest

232 4705 301 4746 uon
334 4682 468 4773 cogitari
501 4702 580 4775 post
607 4712 633 4751 v.
661 4686 683 4752 2
710 4701 845 4775 etpost
870 4685 937 4752 37:
972 4682 1065 4774 quod
1098 4680 1233 4774 longum
1266 4697 1317 4745 est
