2820 5332
442 632 607 674 rmnvnnt
636 633 829 676 rtavrman.
1100 611 1169 683 567

99 826 167 868 non
193 799 314 882 utrdct,
349 803 410 868 nisi
446 805 531 871 liano
565 807 671 898 ipsam
697 808 740 873 ob
764 832 929 887 caussam,
971 809 1062 901 quod
1089 809 1173 876 clam

100 915 179 994 vult,
208 942 272 981 uon
300 916 405 1008 palam
434 918 545 985 dotem
573 919 749 1021 depromi?
778 923 824 990 Vt
845 923 907 989 iam
933 947 999 989 non
1021 925 1087 990 hoc
1112 950 1174 1023 pos

102 1034 388 1125 tiuslllegaronidi
415 1035 535 1100 iterum
558 1035 763 1102 audiendum
788 1040 839 1115 sit,
865 1036 949 1104 clam
976 1037 1088 1105 dotem
1115 1040 1174 1105 de·

101 1147 320 1239 perimendam
349 1174 430 1227 esse,
458 1175 554 1241 quarn
583 1150 796 1242 quomodo
823 1151 1027 1244 possitclam
1052 1151 1176 1245 depro-

102 1263 147 1324 mi
172 1264 239 1328 sive
272 1262 471 1328 audiendum
509 1265 578 1329 sive
615 1265 897 1357 interrogandum.
958 1271 1068 1360 Atque
1104 1295 1177 1334 eam

100 1376 208 1466 ipsam
234 1378 266 1442 in
295 1398 425 1469 partem
459 1398 525 1445 tam
557 1377 665 1479 plane¹
684 1398 717 1448 et
742 1401 856 1474 aperte
880 1384 1078 1474 scriptorum
1106 1409 1177 1448 me-

100 1493 204 1558 tnoria
229 1491 390 1558 librorum
417 1492 517 1573 valet,
552 1513 587 1560 ut
614 1499 796 1586 permirum
821 1499 863 1564 sit
888 1499 1077 1566 criticorum
1104 1496 1179 1564 md·

101 1604 169 1670 lum
198 1609 420 1698 perspexisse.
472 1609 527 1675 Sic
556 1610 643 1675 enim
674 1609 780 1696 (certo
804 1610 883 1678 licet
911 1631 945 1679 et
970 1611 1179 1680 confidenter

101 1718 209 1812 lozpui)
238 1741 455 1813 quaerentem
478 1724 729 1817 blegarcuidem
760 1745 859 1819 poeta
887 1727 978 1794 iecit:

206 1838 280 1927 Qno
302 1837 406 1930 pa'cto
430 1862 514 1930 ergo
537 1844 643 1928 igitar
666 1837 752 1905 claim
782 1839 844 1906 dos
863 1835 1015 1932 depromi
1038 1841 1174 1932 petest?

105 1953 152 2021 sic
178 1973 284 2020 atttem
313 1953 484 2020 Calliclem
508 1955 786 2045 respondentem:

206 2072 297 2138 Dant
320 2072 453 2135 occdsie
481 2073 514 2136 ei
534 2074 587 2137 rei
607 2065 822 2161 re'periatnr,
845 2065 983 2137 interim

202 2184 256 2251 Ab
283 2180 390 2250 arctico
413 2184 572 2250 alicunde
597 2180 746 2253 nnitaam
767 2181 952 2277 argentim
978 2212 1106 2278 rogem.

109 2300 198 2366 Illud
230 2304 328 2393 igitur
367 2327 441 2366 curn
472 2301 554 2368 dicit
588 2301 844 2394 Megaronides:
874 2301 936 2368 sed
969 2308 1182 2369 tentante

109 2435 201 2481 meta
227 2420 456 2502 excruciaris,
490 2434 526 2482 nt
554 2441 597 2481 ne
613 2417 746 2503 deere
772 2417 905 2510 quidem
929 2417 1080 2496 nucleos,
1117 2442 1182 2510 qao

110 2531 250 2597 tandem
278 2531 376 2595 modo
413 2530 449 2596 id
474 2537 580 2622 ips-nm
610 2531 703 2622 qnod
724 2537 815 2624 capis
851 2533 997 2620 efficies,
1030 2549 1067 2598 tet
1097 2534 1184 2598 clam

114 2647 176 2711 dos
198 2646 438 2737 depromatur?
461 2671 528 2713 non
555 2644 642 2711 aliud
671 2649 733 2714 nisi
760 2649 823 2716 lioe
849 2650 1024 2742 significat:
1049 2648 1111 2714 sed
1135 2654 1185 2714 ita

108 2761 242 2851 quidem
276 2767 414 2826 errarino
447 2785 518 2829 non
548 2766 676 2852 poterit
702 2763 788 2828 clam
812 2761 874 2831 dos
907 2762 1074 2854 depromi:
1113 2765 1182 2827 eius

107 2895 144 2942 ut
168 2876 384 2968 interrogatio
405 2901 423 2941 e
444 2875 685 2943 rhetoricarum
708 2878 808 2970 magis
834 2903 931 2969 quam
957 2904 974 2943 e
1002 2875 1184 2970 logicaruut

109 3017 231 3081 genere
254 2994 304 3057 sit.
343 2989 539 3083 Respondet
564 3010 673 3058 autem
696 2991 851 3059 Callicles
878 2994 913 3059 in
938 2992 1024 3058 hauc
1048 3011 1185 3060 senten·

109 3109 204 3173 tiam:
228 3131 292 3170 nec
314 3131 379 3196 ego
400 3131 485 3172 sane
510 3105 635 3186 liobae,
662 3112 721 3199 qai
745 3105 829 3173 illud
853 3132 944 3172 rrrtnc
967 3112 1084 3173 statim
1098 3105 1189 3198 fieri

107 3246 209 3314 posse
238 3221 372 3298 dicam,
411 3221 474 3287 sed
508 3220 668 3287 idoneam
701 3221 926 3314 depromendi
957 3225 1183 3296 occasionem,

40 3332 43 3340 ¹
110 3360 211 3428 qnam
236 3360 306 3399 non
329 3335 528 3422 defidaram
553 3334 711 3425 confido,
751 3333 1017 3425 exspectandam
1048 3359 1185 3411 comeo,

110 3453 248 3518 interim
273 3467 399 3526 autem,
426 3454 586 3541 qnoniam
611 3456 759 3542 argento
781 3455 1002 3516 sammaritae
1028 3474 1110 3542 opita
1126 3449 1187 3515 ltu-

112 3566 234 3645 bemns,
261 3567 299 3633 id
322 3565 365 3631 ab
391 3566 504 3657 aliquo
529 3571 637 3632 amico
664 3583 813 3633 ntntrtttm
837 3566 1046 3636 sumendum.
1090 3566 1185 3641 Nam,

111 3706 153 3747 ne
179 3682 260 3774 quid
286 3708 396 3759 erres,
424 3684 566 3750 mutuari
593 3707 659 3752 non
685 3681 755 3752 vult
782 3707 843 3762 co,
869 3701 904 3747 ut
925 3682 1101 3773 pecuniam
1125 3681 1188 3745 sihi

113 3800 226 3886 pariat,
253 3824 319 3890 quo
346 3800 500 3865 nimirum
524 3799 595 3864 sine
622 3799 718 3865 amici
743 3798 917 3863 bcuelicio
936 3814 1069 3878 carcat3
1091 3822 1188 3886 prae-

112 3933 161 3980 sto
198 3931 247 3978 est
285 3903 372 3984 enim
406 3917 477 4006 ipse
512 3913 704 3981 Charmidis
736 3912 928 3992 thesaurus;
964 3909 1024 3974 sed
1058 3908 1185 4000 aliquid

114 4027 432 4096 comminiscendum
460 4053 531 4094 csse
557 4025 729 4116 intelligit,
756 4023 847 4090 uude
875 4026 1015 4117 petitam
1036 4049 1106 4090 esse
1133 4050 1192 4114 pa-

115 4142 245 4209 cuniam
272 4139 377 4221 dicat,
412 4167 478 4234 quo
510 4167 575 4209 nec
601 4142 634 4205 in
662 4139 780 4204 civium
806 4139 1103 4231 reprehensionem
1128 4163 1192 4206 uec

111 4259 146 4322 in
168 4256 395 4347 suspicionem
430 4256 608 4324 Lesbonici
634 4256 788 4321 incurrat
848 4253 979 4338 Quodsi
1002 4252 1044 4321 de
1070 4278 1128 4320 suo
1156 4279 1190 4318 sc

115 4369 196 4439 darc
225 4371 267 4436 ob
295 4371 469 4439 amicitiam
500 4370 603 4462 patris
631 4369 752 4441 dixerit
777 4366 993 4460 simpliciter,
1018 4366 1089 4433 talis
1116 4369 1190 4460 qai·

113 4485 193 4554 dem
218 4485 398 4553 liberalitas
427 4483 490 4554 itcc
526 4483 652 4579 populo
678 4485 805 4576 poterit
834 4509 902 4552 uon
933 4500 1085 4575 suspecta
1116 4508 1188 4548 esse

113 4601 158 4692 (v.
185 4599 337 4687 8-15),
371 4625 436 4669 nec
468 4602 532 4696 ipsi
555 4600 761 4670 Lesbonico:
797 4601 853 4669 cui
874 4598 1054 4668 Lesbonici
1083 4600 1190 4690 suspi-
