2820 5332
244 662 316 734 450
449 686 516 729 rut.
553 686 595 727 ua
622 682 769 725 rrautrn
794 679 963 723 scrutaris
992 677 1112 722 oautuu

246 867 405 933 Ceterum
439 858 529 953 qnod
568 884 611 924 ne
644 853 874 950 sicquidem,
915 878 1103 947 quanquam
1132 851 1269 919 duobus
1296 855 1334 919 iu

243 979 360 1071 pagina
394 977 466 1044 302
505 974 654 1039 versibus
688 969 946 1049 accedentibus,
984 965 1138 1060 expletur
1170 987 1359 1065 constans·

241 1091 446 1184 undeviginti
467 1113 619 1155 versuum
644 1110 809 1165 numerus,
836 1082 871 1150 id
899 1080 1071 1176 duplicem
1096 1108 1242 1149 caussam
1269 1085 1334 1150 lra-

164 1202 167 1206 ’
242 1207 310 1273 bet.
360 1203 443 1269 Nam
469 1227 537 1269 uon
560 1200 661 1268 modo
685 1200 840 1266 binorum
867 1199 971 1291 spatia
996 1196 1093 1264 divisi
1114 1224 1163 1265 vv.
1192 1200 1249 1266 15.
1279 1205 1328 1269 ‘tt

242 1338 275 1386 et
300 1321 347 1388 ‘22
373 1334 528 1411 aequant,
550 1316 612 1383 sed
639 1313 705 1382 duo
732 1332 905 1408 praeterea
931 1330 1010 1406 post
1029 1340 1058 1379 r.
1076 1315 1119 1380 lb
1145 1315 1251 1406 spatia
1271 1316 1332 1381 in·

241 1433 419 1501 terceduut
441 1456 545 1499 novae
570 1450 705 1512 scenae,‘
724 1446 760 1494 ut
785 1445 1047 1497 consentaneum
1073 1445 1132 1509 est,
1157 1427 1200 1494 ab
1223 1455 1253 1495 v.
1277 1431 1327 1502 16

241 1548 428 1618 ordiendae
440 1565 449 1616 t

329 1659 425 1732 ‘Ilico
448 1669 543 1730 intra
568 1657 671 1729 limen
696 1664 764 1727 ista
787 1658 890 1741 stdte,
912 1674 959 1739 ut,
986 1683 1058 1724 cum
1082 1655 1249 1750 extemplo'
1263 1683 1329 1726 νο-

733 1800 819 1841 cem:

241 1897 289 1962 sie
313 1895 401 1961 enim
425 1893 638 1960 Ambrosiaui
663 1892 722 1958 has
746 1891 870 1959 litteras
896 1891 1081 1959 LlMENIS
1100 1939 1109 1956 .
1130 1888 1217 1958 AST
1243 1939 1252 1956 .
1280 1940 1288 1956 .
1318 1941 1325 1956 .

244 2060 253 2076 .
279 2058 315 2078 ..
339 2011 410 2077 ΗΜ
436 2010 666 2101 interpretor,
701 2034 775 2075 curn
798 2007 895 2099 vulgo
922 2011 964 2074 sit
988 2009 1091 2074 lirnen
1112 2023 1225 2073 astate
1243 2007 1320 2072 illic

242 2143 279 2192 ut
296 2151 381 2203 com,
404 2150 467 2219 pro
493 2149 559 2217 quo
581 2143 684 2207 recte,
707 2125 832 2217 absque
846 2123 1068 2192 Ambrosiano
1088 2141 1186 2204 esset,
1206 2137 1325 2189 astate

241 2243 292 2310 illi
309 2243 454 2310 Bothius.

736 2545 766 2635 §-
793 2547 827 2614 r.

362 2820 501 2884 Praeter
537 2814 677 2883 schedas
711 2833 816 2881 autem
844 2817 881 2883 M
909 2819 996 2899 etQ
1028 2814 1171 2910 singulos
1204 2840 1321 2884 versus

240 2959 329 3000 nunc
365 2933 494 3025 elapsos
530 2953 765 2999 conservarunt
800 2934 896 2999 etiam
926 2934 945 2998 J
977 2948 1010 2998 et
1041 2933 1082 2999 N.
1146 2931 1323 2999 Pertincut

242 3027 335 3115 οιιίιή
352 3047 418 3115 huc
444 3074 491 3127 ea,
519 3074 604 3140 quae
628 3048 821 3117 incredibili
848 3067 882 3115 et
904 3047 1104 3141 negligentia
1122 3065 1155 3114 et
1179 3071 1323 3140 perver-

240 3168 334 3232 sitate
367 3163 515 3256 Angelus
549 3165 656 3229 Maius
684 3162 725 3229 de
751 3163 886 3231 ineditis
919 3164 1135 3258 quibusdam,
1178 3186 1264 3256 quos
1286 3164 1321 3228 in

239 3282 460 3347 Ambrosiano
488 3277 604 3347 codice
629 3281 833 3372 reppererit,
859 3282 1007 3348 versibus
1032 3281 1082 3346 his
1107 3278 1219 3345 verbis
1243 3303 1321 3343 nar-

239 3411 306 3461 rat:
335 3397 383 3461 In
407 3395 474 3459 alio
499 3395 735 3461 Mostellarioe
749 3395 846 3481 folio
870 3395 954 3460 baec
976 3392 1148 3485 legebam:

342 3511 423 3577 Non
449 3507 569 3597 edepol
595 3508 701 3580 video.
751 3509 800 3578 At
826 3534 890 3602 ego
917 3510 1012 3577 video
1037 3510 1199 3577 volturios
1223 3508 1319 3575 duos.

337 3737 449 3809 Petere
475 3756 577 3832 atque
627 3789 635 3806 .
687 3790 695 3806 .
746 3791 754 3806 .
807 3790 816 3808 .

240 3859 388 3941 Quorum
413 3859 519 3949 priori
546 3881 618 3924 cum
645 3874 819 3948 praeterea
847 3857 991 3925 conferri
1015 3858 1127 3953 iubeat
1144 3861 1241 3926 Most.
1257 3857 1317 3938 ΙΙΙ,

242 3976 275 4052 2,
304 3972 484 4065 147sqq.:
520 3974 584 4039 boc
620 3997 718 4039 omne
754 3972 852 4067 quale
877 3973 1011 4040 tandem
1037 3975 1079 4041 sit
1106 3993 1139 4042 et
1170 3999 1236 4068 quo
1262 3999 1319 4039 va·

239 4085 318 4168 leat,
345 4087 533 4180 diligentius
560 4087 749 4156 declarabo.
810 4090 874 4155 Vix
901 4092 988 4155 euim
1015 4089 1202 4157 mortalium
1229 4091 1319 4182 quis-

242 4228 339 4295 quam
367 4200 545 4268 divinaudo
572 4201 656 4268 illud
678 4221 882 4295 assequatur,
907 4207 1054 4296 priorem
1080 4230 1230 4282 versum,
1257 4202 1320 4270 sed

242 4315 368 4410 aliquot
385 4315 518 4410 syllabis
533 4321 724 4397 auctiorem,
746 4320 889 4410 positum
904 4345 975 4386 esse
995 4338 1070 4411 post
1082 4323 1192 4413 ipsum
1214 4318 1321 4400 illum,

244 4458 342 4525 quem
370 4450 605 4498 commemorat
636 4433 761 4509 Maius,
792 4459 921 4499 versum
950 4431 1016 4505 147
1045 4461 1091 4502 sc·
1115 4437 1138 4502 2
1161 4452 1223 4499 act.
1249 4434 1319 4498 lll:

242 4548 380 4614 alterum
405 4566 512 4615 autem
540 4547 639 4641 longo
666 4549 706 4612 ab
732 4547 790 4616 illo
816 4548 987 4616 intervallo
1010 4569 1172 4617 remotum
1192 4567 1320 4616 exstare

243 4663 277 4730 iu
301 4663 349 4730 lv
375 4669 464 4735 sc2
493 4666 630 4757 eiusque
656 4689 774 4733 scenae
803 4689 873 4731 esse
900 4665 1224 4757 autepaenultimum.
1262 4667 1322 4733 Di-
