2820 5332
154 655 225 728 516
469 679 511 720 tx.
561 678 603 720 nr
631 675 919 722 tnrsnroutrrosn
1028 740 1032 748 ι

156 873 318 945 pervorse
334 848 558 935 salutarunt,
586 848 663 939 Ego
689 842 740 913 me
768 872 795 912 e.
810 872 886 940 q.s.
937 842 1036 913 Mitto
1061 844 1127 912 alio
1150 846 1254 915 eius·

158 966 236 1035 dem
263 965 397 1056 generis
418 961 517 1056 longe
542 961 696 1056 plurima.

254 1081 413 1148 Ceterum
439 1076 510 1145 noli
535 1079 697 1145 rariorem
732 1093 787 1143 ost
812 1076 952 1144 formam
977 1076 1090 1142 mirari
1115 1076 1161 1142 ab
1192 1078 1251 1145 in-

154 1194 359 1290 terpolatore
386 1196 556 1261 intrusam.
601 1195 685 1261 Nam
707 1196 742 1259 in
768 1190 971 1260 Bacchidum
998 1216 1136 1285 quoque
1157 1217 1249 1287 sup·

153 1313 308 1406 positicio
340 1336 439 1378 versu
464 1311 526 1389 ΙΙΙ,
549 1306 582 1389 4,
609 1312 657 1379 ‘22
687 1310 822 1375 minime
854 1308 996 1401 vulgaris
1030 1306 1093 1373 sed
1123 1325 1248 1376 autem

153 1427 392 1521 particularum
433 1427 623 1492 coniunctio
664 1425 742 1491 solis
780 1423 921 1491 debetur
958 1423 1244 1517 grammaticis.')

154 1544 258 1611 Cuius
285 1539 565 1636 quomadmodum
593 1537 660 1606 duo
687 1559 811 1608 tantum
834 1559 1010 1632 praetcrea
1035 1537 1192 1632 exempla
1207 1540 1244 1605 in

154 1675 314 1751 promptu
338 1673 423 1737 sunt,
446 1654 530 1724 Rud.
557 1655 599 1738 ΙΙ,
628 1657 661 1735 5,
692 1655 734 1722 15
763 1674 796 1722 ct
817 1654 954 1723 Trucul.
981 1655 1022 1735 ΙΙ,
1045 1657 1080 1735 3,
1108 1652 1172 1734 ll,
1196 1655 1242 1720 ita

158 1776 256 1869 etiam
282 1789 336 1839 ost
361 1773 483 1853 forma,
517 1796 585 1838 non
612 1772 808 1863 infrequens
836 1796 874 1837 ea
901 1797 974 1837 cum
997 1773 1031 1837 in
1056 1771 1241 1839 vetustissi-

155 1914 208 1954 ma
233 1888 392 1954 latinitate
420 1906 487 1954 tum
515 1884 605 1978 apud
631 1885 837 1980 posteriores
862 1903 988 1977 poetas,
1014 1909 1153 1978 prorsus
1180 1910 1241 1950 au-

156 2022 223 2071 tem
252 2002 359 2069 aliena
384 2029 401 2067 a
424 2002 605 2080 Terentio,
644 2001 696 2067 bis
729 2017 853 2066 tantum
890 2001 925 2066 in
957 1997 1115 2066 Plautinis
1141 1999 1239 2065 libris

157 2116 261 2185 hodie
291 2134 404 2195 exstat,
429 2119 524 2208 Capt.
551 2115 610 2197 111,
626 2116 658 2196 5,
673 2116 719 2184 ‘25
748 2134 781 2181 et
805 2117 911 2182 Mero.
939 2116 981 2195 ΙΙ,
1009 2116 1112 2196 t‚22‚
1138 2139 1240 2208 prae-

158 2250 318 2325 tereaque
344 2229 577 2323 'probabiliter
617 2233 652 2296 in
691 2247 729 2297 at
764 2230 945 2324 particulae
986 2228 1096 2299 locum
1133 2231 1235 2296 metri

158 2371 271 2414 caussa
296 2374 314 2412 a
338 2346 458 2413 Bothio
492 2347 666 2414 substituta
699 2364 748 2413 est
777 2348 887 2414 Mero.
912 2347 953 2425 V,
979 2349 1013 2425 3,
1038 2345 1061 2416 4
1086 2361 1118 2410 ct
1143 2347 1240 2412 Pers.

155 2462 198 2543 Π,
220 2464 252 2540 2,
279 2459 337 2532 66.
395 2462 521 2529 Verum
557 2463 645 2528 enim
678 2486 758 2528 vero
788 2458 879 2527 haud
913 2463 982 2528 scio
1016 2486 1057 2528 an
1096 2457 1240 2527 ulterius

155 2575 444 2670 progrediendum
469 2603 507 2644 ac
533 2603 576 2643 ne
600 2596 743 2671 propter
763 2579 1008 2670 grammaticam
1025 2574 1161 2670 quidem
1183 2601 1240 2641 ra·

157 2697 280 2761 tionem
304 2692 464 2760 tralaticio
487 2692 536 2757 illi
562 2694 598 2759 in
623 2693 813 2759 Trinummi
843 2718 942 2759 versu
974 2708 1029 2758 ost
1061 2689 1145 2759 fides
1176 2689 1239 2757 ha-

156 2807 269 2876 benda
296 2810 345 2875 sit.
398 2810 528 2874 Etenim
556 2811 590 2875 iu
615 2809 776 2903 bipertito
803 2811 991 2890 enuntiato,
1027 2809 1118 2875 cuius
1144 2808 1240 2900 prius

156 2924 342 2989 membrum
368 2925 554 3016 negativum
582 2925 631 3003 sit,
657 2926 821 3017 posterius
849 2942 956 2990 autem
982 2947 1051 2991 non
1071 2921 1241 2989 diversum

158 3064 175 3103 a
201 3039 315 3130 priore
340 3039 526 3105 subiectum
553 3038 688 3116 habeat,
713 3063 781 3106 non
808 3040 945 3106 memini
971 3038 1111 3106 alterum
1134 3063 1242 3105 mem·

157 3139 265 3219 brutn
283 3154 323 3218 ab
358 3170 395 3218 at
425 3152 585 3247 particula
621 3156 685 3220 nisi
711 3157 755 3221 ita
780 3154 905 3234 ordiri,
939 3172 975 3221 ut
999 3143 1241 3247 vis‘quaedam

161 3268 268 3335 ethica
294 3267 473 3337 accedate
506 3269 671 3363 loquentis
698 3272 807 3338 animo
833 3271 1000 3364 prosecta:
1040 3268 1131 3337 velut
1164 3293 1241 3336 cum

159 3405 220 3448 nos
246 3381 329 3447 aber
353 3383 460 3461 wohl,
495 3383 580 3450 aber
605 3384 795 3477 ollerdt'ngs
827 3383 978 3452 dicimus.
1030 3384 1122 3452 Haec
1150 3384 1240 3450 enim

158 3519 235 3563 vera
260 3499 344 3564 ratio
371 3516 420 3563 est
447 3521 561 3565 corum
589 3502 733 3592 quaein
759 3500 882 3567 Haudii
907 3498 1054 3566 'l'ursell
1075 3494 1241 3591 1,p.4‘26

159 3630 316 3705 congesta
340 3614 457 3695 hahes,
483 3631 520 3679 ut
543 3613 692 3681 Tulliani
713 3616 818 3682 illius:
845 3616 916 3682 tion
943 3613 1241 3707 cognoscebantur

152 3729 266 3815 foris,
292 3744 330 3794 at
352 3727 458 3804 domi,
482 3753 555 3795 non
580 3729 715 3813 alicnis,
737 3749 775 3797 at
800 3756 823 3796 o
845 3737 923 3798 suis.
962 3730 1089 3816 Quodsi
1110 3728 1244 3823 simpli-

162 3845 247 3910 citer
269 3862 394 3911 tontum
412 3846 481 3911 eius
496 3847 559 3927 rei,
588 3872 674 3939 quae
697 3847 798 3915 modo
820 3850 1013 3941 negabatur,
1038 3847 1242 3914 contrarium

160 3959 353 4040 affirmatur,
388 3983 452 4026 nec
484 3963 531 4027 vis
567 3963 674 4027 omnis
701 3963 884 4029 sententiae
909 3965 944 4028 in
971 3964 1032 4029 hac
1057 3964 1130 4054 ipsa
1156 3959 1243 4026 affir-

160 4073 306 4140 matione
332 4075 490 4154 consistit,
516 4100 584 4143 nou
609 4092 660 4142 est
676 4094 714 4142 ot
734 4076 918 4170 particulae
939 4077 1043 4157 locus,
1069 4074 1128 4142 sed
1148 4098 1246 4141 usur-

160 4188 309 4280 pandum
342 4177 413 4255 sed.
469 4193 565 4258 Licet
598 4191 831 4260 Tulliauorum
865 4195 930 4259 vim
967 4195 1148 4259 verborum
1181 4190 1246 4256 hac

163 4303 426 4374 conformatione
452 4309 632 4373 sententiae
656 4311 803 4402 assequi:
838 4309 899 4376 etsi
920 4333 991 4375 non
1009 4308 1096 4376 'soris
1120 4329 1246 4398 cogno-

161 4421 358 4502 scebantur,
399 4441 510 4488 tamen
532 4425 835 4516 ¹cognoscebantur
865 4424 986 4521 domi,
1019 4422 1074 4494 rel
1110 4420 1246 4517 planius

169 4585 461 4600 m

201 4673 227 4742 ⁰)
246 4668 286 4721 De
304 4683 355 4737 qno
376 4686 453 4737 supro
472 4671 567 4726 dictum
586 4680 626 4725 eat
643 4688 669 4741 p.
688 4672 750 4729 42³,
