2820 5332
412 688 660 736 uosmtusatsa
685 686 878 733 arausinas.
1111 658 1183 732 479

231 885 292 932 ru.
314 861 549 941 Adulescens,
583 887 710 930 mecum
736 885 808 928 rem
830 860 926 928 habe.
978 884 1035 930 nA.
1067 884 1186 956 nempe

572 1064 573 1067 Ἴ
696 977 757 1044 abs
780 995 814 1044 te
837 996 962 1069 petam.

138 1099 205 1165 125
230 1118 291 1162 ru.
317 1091 433 1163 Petito
462 1119 548 1161 cras.
601 1114 663 1165 uA.
688 1093 791 1159 abeo:
825 1108 882 1160 sat
904 1093 1033 1170 habeo,
1058 1098 1089 1161 si
1112 1116 1188 1162 crus

685 1213 783 1296 sero.

111 1328 161 1393 Ex
186 1327 251 1395 hoc
276 1327 351 1395 loco
379 1350 491 1393 versus
522 1331 587 1395 121
618 1325 792 1416 irrepsisse
818 1326 852 1388 iu
878 1326 1027 1416 priorem
1053 1324 1188 1394 Osauno

111 1440 285 1510 ridebatur
309 1440 405 1508 Auel.
431 1443 505 1510 crit·
529 1465 562 1534 p.
590 1441 672 1510 203.
732 1440 777 1507 At
809 1462 886 1506 vero
923 1438 1037 1508 deleto
1064 1467 1092 1506 vs
1122 1445 1191 1511 102

112 1560 171 1650 qui
196 1555 281 1624 iilud
307 1557 388 1623 serti
413 1573 537 1648 potest,
562 1571 608 1634 ut,
636 1558 831 1624 cumr-101
864 1553 908 1620 de
921 1554 1056 1623 faenore
1075 1557 1192 1624 Theu-

114 1673 254 1765 ropides
289 1673 491 1766 quaesierit,
528 1669 611 1736 nihil
647 1690 783 1762 prorsus
820 1691 931 1737 servus
969 1671 1194 1766 respondeat?

115 1790 180 1872 Qui
205 1787 296 1881 quod
323 1787 379 1854 dic
406 1804 439 1852 te
467 1787 628 1852 datiuum
652 1788 712 1868 ait,
748 1785 783 1852 id
819 1790 927 1877 ipsum
952 1789 1124 1855 manifesto
1150 1789 1194 1856 ad

115 1928 346 1997 praegressum
384 1902 520 1996 aliquod
557 1926 753 1999 responsum
779 1902 944 1983 refertur,
983 1928 1050 1995 quo
1081 1903 1194 1972 faenus
1248 1900 1252 1908 ⁵

116 2044 254 2114 quoque
280 2043 351 2086 esse
380 2018 544 2086 creditum
568 2020 692 2085 Tranio
719 2019 905 2088 affirmarat.
942 2017 1118 2086 ld'antem
1135 2023 1195 2087 etsi

117 2135 228 2229 aliquo
255 2134 356 2203 modo
384 2136 461 2202 iacit
486 2159 563 2202 sane
588 2136 738 2213 Tranio,
762 2135 789 2198 si
815 2151 1026 2227 quattuor
1052 2153 1086 2202 et
1114 2161 1196 2229 qua-

117 2249 265 2344 draginta
292 2252 395 2316 minas
423 2249 540 2317 deberi
568 2249 698 2328 fatetur,
725 2247 861 2342 quando
880 2267 1006 2316 sortem
1027 2275 1197 2343 essequa-

119 2365 268 2460 draginta
292 2368 456 2432 minarum
480 2384 556 2433 aute
585 2365 731 2432 dixerat:
759 2383 870 2431 tamen
896 2388 1015 2457 parum
1040 2367 1199 2462 intelligi-

121 2507 217 2562 muS,
255 2505 315 2547 cur
341 2475 487 2572 apertius
515 2479 550 2545 id
574 2482 684 2571 ipsum
709 2478 870 2545 inferiore
896 2497 1020 2546 tuntum
1046 2480 1122 2550 loco
1147 2485 1199 2554 his

120 2597 230 2662 verbis
258 2594 474 2674 declaretur,
511 2609 673 2686 quattuor
697 2592 934 2685 quadraginta
960 2593 1201 2665 illidebantur

122 2717 260 2786 ruinae,
296 2728 342 2775 et
364 2734 462 2777 sors
486 2725 528 2775 et
544 2714 748 2797 suenus,
783 2733 850 2801 quo
873 2707 949 2775 loco
977 2711 1112 2780 omnino
1139 2740 1201 2784 nec

124 2845 353 2919 exspectemus
381 2851 446 2893 nec
474 2826 713 2905 desideremus,
741 2843 785 2904 ut,
813 2843 970 2917 quantum
996 2830 1124 2919 argenti
1141 2829 1201 2898 de-

122 2945 251 3020 beatur,
278 2941 421 3010 ‹lcnuo
450 2960 646 3035 exponatur.
696 2943 784 3034 Ergo
811 2937 904 3032 quod
925 2966 1004 3007 sane
1022 2941 1074 3009 vei
1101 2948 1202 3013 ratio-

126 3057 268 3123 cinando
295 3056 393 3124 saciic
418 3059 644 3151 assequimur,
677 3057 794 3125 eodem
817 3055 958 3122 externis
985 3083 1120 3153 quoque
1144 3060 1203 3130 ae.

125 3174 227 3265 stigiis
254 3189 303 3239 sat
329 3194 418 3239 certa
446 3174 496 3239 ria
524 3172 695 3240 ducimur:
722 3172 847 3241 indicio
869 3174 957 3239 enim
971 3175 1107 3242 iteratus
1129 3203 1204 3244 ver-

125 3312 179 3353 sus
208 3307 275 3366 est,
303 3289 438 3380 quinam
465 3314 538 3357 cum
565 3288 623 3356 ilio
651 3289 819 3357 coniuncti
849 3315 916 3382 quo
941 3291 978 3371 in
1002 3288 1077 3359 loco
1103 3293 1205 3385 positi

125 3403 258 3471 suerint.
310 3405 372 3472 Hic
400 3406 510 3485 enim,
535 3407 562 3471 si
589 3402 672 3498 quid
698 3404 806 3485 video,
832 3402 990 3499 pristinus
1016 3404 1100 3476 ordo
1127 3408 1203 3477 suit:

150 3524 214 3590 101
344 3543 406 3587 ru.
438 3517 537 3588 Adeo
569 3515 674 3587 e'tiam
707 3525 850 3611 argenti
871 3517 1008 3610 sasinus
1038 3522 1204 3592 creditum

715 3630 828 3703 addis.
847 3634 878 3722 *)

153 3754 317 3823 102121
347 3775 403 3821 ru.
446 3748 619 3847 Quattndr
662 3753 898 3848 quadraginta
947 3748 1001 3820 illi
1038 3751 1206 3839 debentrir

716 3893 843 3944 manue,

157 3983 225 4050 122
345 3984 392 4052 Et
420 3984 495 4052 sors
527 4003 561 4052 et
585 3990 730 4074 faenus.
783 4005 840 4052 nA.
876 3983 1062 4051 tu'ntumst:
1100 3985 1206 4055 nihilo

717 4095 793 4192 pitis
818 4117 909 4192 peto.

155 4215 222 4283 123
347 4238 401 4284 rn.
430 4213 542 4289 Velim
566 4218 700 4313 qnidam
725 4216 857 4292 hercle,
890 4234 927 4284 ut
961 4213 1029 4287 rino
1067 4245 1202 4289 nummo

717 4329 797 4429 piris
825 4350 933 4424 petas.

128 4507 414 4519 ...a—...m

181 4601 206 4673 ⁹)
229 4600 300 4652 iiunc
319 4609 403 4653 artncn
424 4605 512 4655 nescio
533 4619 566 4656 au
588 4605 625 4655 sic
645 4605 731 4670 potius
750 4611 827 4670 poeta
848 4567 994 4670 scripserit:

332 4698 402 4750 Adeo
421 4701 498 4752 etiarn
516 4701 754 4774 suenmjcra'dt'tum
771 4701 874 4769 arpenti
891 4699 1014 4752 debitror.
