2820 5332
209 687 281 763 346
441 719 469 758 v.
496 717 539 759 nr
566 716 670 761 terta
697 720 863 763 asturum
890 719 1055 767 rannone.

313 890 422 981 Quam
448 913 535 981 quae
559 891 742 982 longorum
765 893 896 959 vehitur
923 898 1053 960 cervice
1077 894 1259 984 Syrorum:

210 1025 245 1075 et
269 1004 431 1072 Martialis
454 1006 513 1085 lX,
541 1008 573 1085 2,
604 1011 664 1075 ll:

117 1191 125 1204 ,
311 1121 399 1187 Octo
424 1119 524 1210 Syris
544 1121 685 1210 suffulta
710 1121 815 1188 datur
842 1123 963 1189 lectica
984 1123 1135 1215 puellae:

211 1234 369 1328 idemque
395 1236 452 1315 IX,
479 1239 537 1316 29,
564 1237 604 1305 9:

308 1353 355 1420 Et
381 1357 602 1418 canusinatus
628 1369 748 1418 nostro
773 1353 883 1442 Syrus
908 1378 1023 1421 assere
1048 1355 1163 1422 sudet:

211 1466 325 1563 quode
364 1485 441 1559 post
467 1468 617 1559 Lipsium
651 1468 754 1534 Eleet
779 1469 806 1546 I,
836 1468 879 1538 19
906 1495 923 1533 a
951 1472 1142 1564 Boettigero
1168 1470 1294 1537 dietum

212 1585 355 1653 Sabinae
382 1609 414 1674 p·
440 1580 512 1653 tlt
540 1608 614 1676 sqq.
665 1583 736 1650 Nee
771 1585 885 1678 inepte
921 1585 987 1653 hue
1013 1586 1186 1654 Ciceronis
1212 1584 1296 1651 illud

212 1700 409 1778 transferas,
445 1698 537 1791 quod
572 1714 674 1763 natas
706 1703 863 1765 seruituti
894 1705 1056 1766 nationes
1086 1702 1236 1768 Iudaeos
1259 1716 1295 1767 et

213 1815 322 1908 Syros
347 1814 528 1906 appellavit
554 1839 601 1882 or.
626 1813 669 1880 de
695 1816 846 1906 provinc.
874 1840 965 1883 cons.
994 1844 1020 1884 c.
1045 1819 1119 1905 5,§
1148 1823 1211 1898 10,
1243 1817 1295 1884 vel

213 1932 307 2027 quod
334 1937 371 1999 in
393 1932 503 1997 hortis
528 1935 899 2021 operosissimum
930 1932 1068 2022 Syriam
1094 1932 1219 1999 Plinius
1246 1932 1297 1996 di-

214 2052 261 2116 xit
283 2050 324 2115 N.
352 2049 390 2112 H.
414 2048 488 2128 XX,
516 2073 543 2114 c.
569 2049 605 2155 5Ξ
628 2049 757 2113 tametsi
783 2048 849 2115 hoc
877 2072 948 2114 esse
980 2051 1170 2143 ambignum
1196 2052 1300 2116 senti-

214 2189 296 2230 nus.
347 2166 434 2257 Ergo
467 2166 543 2229 satis
574 2188 707 2229 caussae
738 2165 909 2230 inventum
944 2189 1016 2231 esse
1054 2165 1155 2233 latino
1178 2183 1298 2259 poetae

215 2280 334 2373 potuit,
371 2288 437 2346 eur'
455 2280 632 2370 patientius
661 2281 757 2345 etiam
785 2305 891 2371 genus
917 2281 1088 2348 hominnm
1110 2283 1298 2373 Campanos

215 2395 343 2463 diceret
368 2420 458 2462 esse:
484 2395 549 2462 hoc
572 2393 710 2487 quidem
726 2413 838 2486 aperta
857 2395 1032 2463 cavillandi
1049 2397 1299 2490 significatione,

216 2535 290 2578 cum
317 2508 409 2577 nullo
428 2534 571 2602 ⁸prorsus
600 2512 780 2576 sententiae
807 2510 938 2577 vinculo
972 2537 1067 2578 suum
1100 2535 1300 2602 responsum

218 2625 327 2694 Philto
353 2625 483 2692 Stasimi
507 2626 616 2691 verbis
642 2627 804 2701 nexuerit,
831 2652 944 2692 verum
967 2626 1137 2693 liberrima
1151 2628 1301 2693 oratione

135 2724 138 2730 Ι
218 2744 424 2834 opposuerit.
451 2744 568 2833 Neque
584 2742 670 2806 enim
690 2740 875 2807 Philtonem
891 2741 979 2808 velut
992 2746 1039 2809 sic
1061 2744 1149 2808 serio
1172 2744 1304 2809 ratioci—
1335 2779 1337 2786 2

218 2879 353 2927 nantem
371 2857 504 2924 Plautus
527 2858 621 2924 lecit:
649 2883 719 2923 nou
743 2858 930 2949 persuades
955 2863 1019 2925 isto
1046 2859 1178 2951 quidem
1198 2883 1303 2948 argu-

220 2992 357 3052 mento‚·
382 3000 463 3040 uam
484 2979 516 3039 si
539 2999 611 3039 nou
634 2974 807 3062 sufficiunt
832 2975 926 3065 Syri,
953 2981 990 3040 iu
1012 2973 1168 3067 pro'ntptu
1188 2991 1303 3069 tumen

219 3106 301 3155 suut
324 3091 427 3155 multo
453 3096 556 3156 etiam
579 3091 818 3156 lubort'osiores
844 3093 1031 3183 Crturpani,
1067 3107 1102 3156 ut
1138 3091 1223 3155 uilu‘l
1246 3095 1305 3163 sit,

221 3229 282 3269 eur
319 3203 467 3269 oblatum
511 3206 594 3270 milii
627 3230 748 3295 agrum
791 3231 959 3285 recussum
993 3209 1093 3273 immo
1128 3206 1207 3270 nihil
1238 3207 1303 3269 iam

222 3320 331 3411 ipsum
358 3346 469 3414 agrurn
497 3323 683 3413 respiciens
710 3321 752 3386 de
779 3322 938 3413 Syrorum
966 3339 1090 3388 tantum
1116 3324 1182 3386 sive
1208 3319 1307 3386 laude

222 3441 290 3504 sive
316 3437 391 3502 labe
418 3461 513 3503 servo
541 3461 642 3503 senex
670 3436 865 3528 obloquitur
892 3439 1096 3530 simpliciter.
1125 3437 1224 3522 Quod
1250 3462 1308 3501 au-

223 3572 289 3620 tem
316 3554 428 3642 viginti
455 3572 533 3644 post
557 3554 650 3617 arinis
675 3553 797 3644 frigere
827 3552 990 3619 eiusmodi
1011 3555 1198 3618 irrisionem
1214 3554 1312 3619 Win-

224 3667 460 3735 ‹Eschmannns
487 3667 625 3744 dixerat,
651 3666 687 3732 id
711 3669 757 3733 sic
781 3666 912 3732 elevare
940 3668 1030 3733 idem
1058 3667 1115 3733 illc
1139 3667 1313 3732 Nandetus

224 3783 358 3863 studuit,
387 3803 421 3850 ut
444 3782 643 3875 perdurasse
658 3784 744 3846 inter
755 3783 918 3850 Romanos
934 3785 1180 3876 Campanorum
1195 3781 1309 3848 odium

225 3915 430 3965 asseveraret
458 3900 595 3989 eiusque
632 3899 786 3963 reiteste
813 3900 904 3965 Livio
933 3916 1089 3966 uteretur.
1142 3897 1228 3982 Quid
1257 3924 1313 3961 au-

226 4031 292 4080 tem
319 4012 377 4079 ille
401 4012 422 4079 l.
446 4015 635 4093 XXXVIII,
663 4042 691 4082 e.
710 4012 782 4083 36?
835 4015 1029 4108 Campanos
1055 4033 1165 4080 narrat
1190 4041 1216 4079 a.
1231 4011 1312 4089 565,

227 4153 301 4193 cum
327 4152 385 4194 eos
410 4153 454 4192 ex
479 4127 545 4194 SC.
569 4128 661 4221 quod
676 4132 818 4215 factum
844 4147 932 4194 esset
955 4136 1071 4222 priore
1098 4152 1206 4203 atrito,
1232 4152 1313 4192 cerr·

226 4267 322 4309 sores
347 4242 476 4309 Rornae
503 4248 637 4308 censeri
659 4249 851 4334 coegissent
887 4245 981 4329 (uam
1014 4261 1120 4309 ariteu
1145 4250 1313 4309 incertum

219 4364 336 4444 juisse
361 4359 418 4424 ubi
443 4360 693 4440 censerentur),
725 4365 908 4451 petissent
933 4361 999 4425 sibi
1022 4366 1110 4426 cives
1138 4361 1314 4427 Bornauas

230 4473 353 4539 ducere
376 4500 498 4539 uxores
524 4476 661 4551 liceret,
701 4503 839 4567 eamque
878 4502 948 4540 reru
983 4482 1200 4568 impetratum
1228 4501 1311 4540 esse.

232 4591 367 4655 Iliscine
401 4617 480 4657 vero
516 4590 601 4656 odii
634 4593 878 4682 perennitatem
908 4596 1051 4683 scriptor
1078 4592 1237 4658 testatur?
1274 4617 1314 4654 an

234 4731 308 4797 poe
320 4731 393 4772 nar
405 4733 426 4772 u
438 4734 467 4772 m
494 4725 619 4774 tantum
639 4707 769 4772 illarum
784 4711 1044 4790 continuitatem,
1060 4735 1144 4802 quac
1158 4708 1202 4773 de
1217 4707 1315 4771 Cam-
