2820 5332
233 676 307 749 460
454 703 522 748 vua.
549 701 589 743 aa
614 699 761 743 ranaaro
788 695 956 741 scanaavrt
987 696 1109 742 onoma

234 875 388 953 miretur,
414 868 474 939 sed
496 869 591 962 quasi
614 867 698 933 nihil
724 891 860 960 prorsus
886 864 1114 945 interciderit,
1142 863 1235 959 qood
1260 865 1321 930 in-

236 991 368 1081 ceperit
392 984 639 1080 persequatur?
702 984 755 1048 Au
781 982 861 1050 illuc
889 1008 959 1048 eam
987 981 1113 1074 ipsam,
1151 1006 1216 1073 qua
1242 1004 1325 1047 mox

235 1107 358 1183 utitur,
392 1126 484 1168 rauna
515 1098 711 1193 particulam
736 1118 889 1191 spectare
914 1099 1070 1191 putabis?
1127 1098 1203 1163 Nou
1232 1095 1325 1191 male

235 1238 387 1314 putares,
410 1218 437 1284 si
462 1215 528 1282 ulla
555 1216 682 1283 Simoni
708 1240 820 1281 caussa
848 1233 934 1281 esset
956 1213 998 1280 de
1023 1211 1134 1280 reditu
1159 1215 1189 1278 T
1193 1213 1323 1279 henro-

236 1334 326 1430 pidia
352 1331 532 1426 cogitandi:
571 1329 614 1396 de
643 1355 710 1423 quo
747 1328 885 1423 quidem
918 1328 1030 1396 reditu
1061 1327 1324 1396 recsu'demum

237 1449 286 1520 54
310 1453 353 1516 ita
381 1473 457 1514 eum
477 1448 603 1514 Tranio
630 1444 760 1526 edocet,
787 1462 822 1510 ut
847 1444 931 1511 nihil
959 1443 1123 1511 eiusmodi
1150 1445 1325 1512 Simonem

240 1565 443 1657 auspicatum
470 1586 541 1628 esse
567 1579 736 1654 appareat
766 1595 810 1607 -
839 1559 910 1628 Sed
934 1578 971 1626 ut
985 1560 1133 1653 paullum
1151 1558 1325 1628 declinem

238 1681 447 1757 orationem,
482 1677 584 1744 habet
611 1701 691 1742 sane
725 1675 809 1742 illud
833 1700 926 1743 nuno
949 1675 1044 1743 aliam
1070 1675 1325 1756 dubitationem,

240 1819 315 1863 oum
343 1818 382 1859 ea
404 1792 609 1885 quaestione,
636 1816 720 1885 quae
744 1789 787 1857 de
799 1791 1027 1884 Theuropidia
1048 1788 1323 1883 interpellatione

241 1926 301 1984 est,
326 1933 394 1974 nou
418 1908 635 1974 coniunctam.
687 1910 771 1975 Nam
798 1910 856 1973 etsi
882 1910 1014 1999 saepius
1039 1905 1097 1972 illa
1124 1907 1195 1998 ipsa
1210 1907 1326 1987 verba,

240 2023 323 2118 quid
348 2022 486 2103 rtuncl,
525 2021 620 2088 alteri
655 2024 904 2115 interrogationi
938 2022 1035 2089 alicui
1057 2023 1327 2113 praemittuntur,

243 2157 344 2232 atque
370 2117 454 2205 adeo
488 2138 571 2229 qrtr‘cl
594 2138 712 2204 nusae?
750 2163 850 2231 queam
876 2162 956 2204 mox
978 2172 1024 2185 -
1056 2138 1240 2204 consociata
1265 2159 1326 2200 ex-

243 2271 329 2321 stant
362 2254 435 2320 Cas.
461 2254 521 2333 ΙΙΙ,
548 2253 580 2331 6,
610 2251 654 2322 16
687 2253 784 2345 (quid
808 2255 925 2319 nunc?
957 2277 1056 2348 quam
1083 2277 1163 2318 mox
1189 2276 1331 2318 recreas

244 2367 354 2453 me?):
376 2387 484 2434 tamen
511 2393 579 2434 nou
604 2387 716 2462 potest
737 2369 888 2462 profecto
913 2367 968 2434 illa
993 2368 1152 2461 particula
1177 2392 1330 2460 unquam

244 2483 461 2552 nullamvim
483 2483 620 2563 habere,
646 2484 706 2550 sed
735 2485 925 2552 necessario
944 2501 1054 2552 certae
1078 2485 1235 2576 temporis
1254 2484 1330 2550 sive

248 2598 454 2668 condicionis
480 2601 639 2667 notationi
666 2602 775 2666 servit.
833 2601 934 2694 Atqui
959 2601 1057 2667 Simo
1083 2598 1165 2692 quid
1190 2596 1330 2664 tandem

247 2740 381 2783 caussae
407 2716 508 2781 habet
533 2740 592 2782 cur
617 2741 729 2782 nunc
752 2717 957 2808 potissimum
983 2717 1158 2782 imminere
1180 2739 1330 2807 poenam

250 2830 388 2900 credat?
424 2830 557 2924 quando
593 2830 678 2896 nihil
704 2830 838 2910 accidit,
875 2831 966 2924 quod
991 2831 1047 2896 ille
1073 2829 1210 2924 quidem
1236 2832 1331 2909 sciat,

249 2971 316 3040 qno
343 2945 415 3012 talis
440 2947 585 3040 suspicio
607 2948 739 3014 nitatur.
799 2949 887 3041 Ergo
913 2950 978 3016 hoc
1012 2945 1259 3014 incommodum
1292 2963 1331 3011 ut

249 3060 401 3143 tollatur,
425 3087 499 3128 mea
524 3063 628 3154 ipsius
659 3082 845 3142 commenta
871 3063 982 3156 aliqua
1007 3080 1159 3155 exparte
1178 3063 1225 3129 sic
1254 3085 1331 3128 eor·

248 3178 341 3270 rigo:

989 3321 1036 3367 st.
1065 3293 1133 3385 [ot]
1161 3296 1272 3363 hercle
1298 3312 1335 3361 te

351 3404 449 3475 Hau't
475 3409 600 3476 doraum
625 3405 724 3476 terreo
749 3434 889 3478 servom.
940 3410 1014 3501 [ra.
1045 3408 1100 3490 ‚dia
1127 3407 1228 3479 vend!
1284 3434 1332 3480 st.

746 3525 852 3614 cave]

260 3731 262 3734 y
352 3660 408 3705 Ta.
440 3633 533 3729 Quid
557 3640 672 3705 raone?
721 3664 767 3709 ar.
794 3667 893 3734 quum
917 3638 1024 3710 mdx?
1049 3669 1075 3710 e.
1104 3671 1138 3737 q.
1161 3669 1186 3709 s.

254 3754 322 3841 (vel
348 3756 444 3822 etiam
472 3753 625 3847 planius:
660 3780 718 3824 ru.
745 3753 808 3824 dia.
837 3782 886 3828 st.
909 3785 990 3827 cave
1014 3755 1061 3826 sis
1088 3760 1151 3827 tibi
1163 3759 1195 3845 :)
1220 3779 1276 3827 aut
1296 3761 1331 3825 iu

255 3871 394 3938 alteram
420 3870 511 3937 illam
538 3874 636 3939 metri
659 3876 826 3966 speciem,
856 3873 900 3943 de
927 3903 991 3970 qua
1016 3877 1167 3969 proxima
1197 3893 1336 3941 annota-

256 3986 346 4054 tione
374 3987 452 4068 dixi,

750 4129 805 4174 Ta.
829 4103 891 4176 e'ia.
918 4132 964 4177 sl.
992 4131 1072 4175 cave
1095 4108 1165 4174 ribi.

258 4218 306 4284 Ita
333 4218 469 4310 quidem
496 4222 637 4300 Tranio,
668 4239 841 4315 postquam
866 4228 920 4290 eia
945 4223 1107 4317 particula
1133 4225 1343 4291 mirationem

260 4357 335 4399 cum
358 4333 506 4401 simulata
531 4335 757 4430 indignatione
780 4339 972 4432 significavit
996 4358 1131 4419 tantum,
1157 4364 1233 4406 mox
1260 4339 1347 4431 quid

159 4446 163 4460 '
262 4473 374 4515 natue
399 4452 443 4516 ait
468 4455 505 4516 in
530 4469 677 4518 mentem
702 4453 765 4519 tibi
790 4461 882 4521 venit
904 4472 940 4521 ut
965 4461 1132 4549 increpes,
1154 4461 1213 4549 qui
1235 4473 1346 4522 antea

262 4563 347 4630 bene
374 4567 456 4632 miti
481 4568 654 4635 volueris?
681 4570 806 4637 deinde
821 4571 968 4638 divinare
984 4599 1020 4642 se
1044 4572 1254 4641 dissimulans
1271 4597 1339 4665 quo

262 4705 360 4775 qrtam
383 4707 462 4750 mox
486 4687 586 4754 verba
610 4707 779 4780 spectent,
803 4689 886 4783 quid
911 4705 961 4755 est
987 4691 1134 4784 quaerit3
1159 4707 1347 4785 postremo,
