2820 5332
226 644 299 721 458
449 673 518 716 rur.
544 672 585 714 on
612 672 759 716 'rt'nnaro
789 671 958 717 ecantavit
983 672 1104 716 cantra

226 869 314 912 ease:
348 843 441 938 quod
466 867 533 909 non
558 843 642 936 fugit
667 845 902 911 Camerarium.
963 818 1067 912 liuius
1104 843 1193 910 euim
1228 867 1315 936 sup-

224 958 434 1052 plementum
471 977 521 1025 est
551 958 766 1052 quodlnuue
803 958 909 1026 fertur
941 978 1150 1052 repugnante
1185 978 1311 1039 metro,

226 1077 304 1142 satis
338 1092 413 1167 apta
450 1077 633 1142 sententia:
682 1097 738 1142 ra.
774 1073 856 1168 quid
880 1078 931 1140 ita
957 1097 1058 1151 vero,
1093 1073 1211 1142 Simo?
1264 1074 1311 1142 ld

225 1215 300 1257 cum
326 1215 443 1284 parum
469 1191 532 1256 sibi
558 1209 710 1257 constans
746 1214 814 1255 non
845 1188 1062 1283 significasset
1089 1189 1124 1254 iu
1150 1214 1207 1256 sua
1233 1187 1311 1256 edi-

224 1305 314 1370 tione
340 1304 526 1371 Gronovius
553 1303 679 1397 dispari
700 1303 885 1370 litterarum
907 1303 1025 1382 lorma,
1051 1303 1172 1372 accidit
1193 1321 1230 1369 ut
1242 1329 1311 1397 pro

223 1409 380 1486 Plautinis
406 1418 463 1485 illa
489 1421 594 1486 rerba
620 1421 662 1484 ab
683 1416 880 1485 'Hermanno
907 1419 1112 1486 haberentur
1137 1416 1242 1484 Elem.
1270 1417 1307 1485 d.

223 1552 320 1602 metr.
345 1561 378 1628 p.
406 1539 486 1605 217.
537 1537 630 1618 Quae
657 1555 774 1601 autem.
791 1561 819 1600 r.
842 1535 889 1604 33
916 1552 1124 1627 sequuntur,
1157 1559 1208 1601 res
1231 1533 1307 1626 ipsa

224 1649 343 1718 clamat
364 1651 661 1718 sermocinantibus
687 1651 732 1717 ita
765 1648 992 1742 dispertienda
1019 1674 1111 1732 esse,
1146 1667 1181 1715 ut
1210 1649 1308 1741 quod

223 1765 310 1833 solet
334 1765 413 1846 fieri
436 1765 581 1846 Simoni,
606 1765 690 1860 quid
714 1783 766 1832 est
787 1766 949 1833 Tranioni
975 1767 1176 1835 tribuantur:
1213 1764 1305 1832 uude

224 1884 439 1975 consequitur
460 1881 605 1948 Simonis
631 1906 702 1949 esse
727 1905 827 1974 quam
852 1905 933 1947 mox
957 1882 1066 1962 verba,
1092 1906 1234 1973 quorum
1252 1881 1304 1947 sa-

195 2015 198 2023 '
224 1995 289 2064 cile
315 1996 511 2090 intelligitur
543 1997 629 2063 banc
664 2021 735 2063 esse
761 1998 828 2064 vim
853 1995 1166 2075 ἀποσιωπητικήνε
1206 2021 1310 2090 quam

224 2136 305 2177 mox
337 2117 509 2205 nequitiae
536 2127 569 2176 et
591 2111 808 2178 helluationis
843 2128 924 2177 tuae
946 2136 1094 2202 poenam
1118 2113 1216 2178 lues?
1251 2111 1308 2178 vel

225 2225 391 2293 delinitius
413 2229 524 2294 etiam:
549 2252 649 2320 quom
671 2251 751 2293 mox
777 2232 815 2293 in
837 2228 959 2293 malam
977 2253 1109 2294 erucem
1128 2227 1213 2294 this?
1237 2229 1305 2295 Ea-

225 2367 292 2435 que
319 2365 415 2407 nemo
443 2365 510 2408 uon
537 2341 629 2408 videt
652 2341 719 2408 illis
745 2344 931 2410 continuari
959 2368 1052 2439 quae¹
1077 2359 1168 2408 antea
1205 2342 1300 2409 Simo

225 2457 374 2524 dixerat:
414 2475 448 2523 te
482 2457 573 2523 baud
600 2457 724 2523 bonum
759 2483 889 2523 servum
916 2476 1026 2523 teneo.
1082 2459 1221 2524 Rursum
1247 2458 1302 2525 his

225 2592 360 2669 praeter
386 2576 576 2666 opinionem
597 2572 716 2640 auditis
743 2574 816 2641 fieri
842 2599 978 2666 prorsus
1004 2575 1123 2666 nequit
1148 2575 1229 2666 quin
1250 2573 1305 2640 vel

225 2692 364 2757 miretur
389 2690 440 2756 vel
463 2689 655 2781 indignetur
671 2689 722 2755 vel
743 2691 839 2754 etiam
862 2691 1044 2780 interroget
1060 2691 1197 2768 Tranio,
1224 2688 1307 2782 quid

226 2805 363 2874 tandem
389 2810 441 2873 rei
467 2809 509 2872 sit
533 2805 626 2898 quod
657 2804 716 2870 illc
750 2825 880 2896 crepet:
913 2805 1017 2898 idque
1044 2806 1123 2872 fecit
1142 2807 1188 2871 iis
1218 2831 1304 2897 quac

229 2922 426 2989 exciderunt
451 2923 569 2988 verbis.
620 2924 693 2989 Nec
716 2922 892 3014 quaerenti
919 2923 1112 3013 querentive
1139 2920 1233 2987 deest
1246 2945 1302 2986 se-

225 3063 310 3117 nex,
339 3062 408 3104 non
432 3036 490 3102 ille
518 3036 655 3129 quidem
681 3055 796 3129 aperte
822 3034 1052 3128 respondens,
1079 3034 1142 3103 sed
1165 3062 1227 3129 per
1251 3063 1306 3103 ca·
1395 3101 1400 3108 ,

226 3152 365 3220 villandi
389 3155 541 3244 ambages
578 3154 797 3245 opprobrium
832 3154 866 3217 iu
889 3153 1095 3218 Traniouem
1119 3154 1309 3219 coniectum

225 3268 291 3336 illis
325 3271 404 3361 ipsis
438 3271 662 3361 interpretans
689 3293 776 3360 quae
805 3286 1066 3360 consequuntur:
1101 3291 1202 3358 quam
1227 3292 1308 3332 naox

223 3384 330 3472 finem
357 3390 423 3450 ista
433 3387 580 3476 flagitia
606 3383 765 3449 habitura
790 3384 898 3447 sunt?
960 3382 1156 3474 Exemplum
1181 3409 1303 3476 ponam

228 3499 533 3592 redintegraturum
558 3526 732 3580 versuum,
756 3518 939 3592 propterca
966 3499 1172 3590 potissimum
1197 3503 1306 3567 incer-

227 3634 305 3696 tum,
331 3616 425 3710 quod
450 3615 551 3682 multa
577 3616 781 3683 comminisci
807 3617 880 3707 pari
901 3615 1134 3710 probabilitate
1159 3615 1247 3682 licet

276 3795 323 3865 30
352 3793 445 3888 Quid
469 3799 569 3889 agis?
620 3821 677 3866 rn-
702 3796 870 3862 bominem
895 3791 1064 3889 optumum
1090 3791 1200 3862 teneo.
1252 3823 1299 3866 sr.

720 3907 825 3978 amice
841 3914 969 3998 facis,-

353 4042 462 4137 Quo'm
489 4072 540 4112 me
574 4045 703 4112 laudds.
763 4067 818 4111 Tu.
860 4043 957 4109 decet
986 4039 1085 4109 ce'rte.
1144 4067 1190 4111 nr.
1235 4041 1304 4134 [at]

720 4158 832 4223 hercle
857 4154 1022 4248 [egomet]
1051 4174 1084 4221 te

352 4287 449 4359 Hou't
472 4292 596 4359 bonum
622 4288 721 4358 te'neo
744 4314 886 4356 servom.
938 4284 1011 4380 [ru.
1041 4284 1116 4355 laem
1137 4286 1219 4380 quid
1244 4308 1309 4364 est,

721 4401 901 4491 obsecroi’]

331 4564 401 4608 .r1.
432 4537 526 4633 Quid
546 4541 660 4608 raone?
686 4563 786 4631 (suram
807 4533 886 4601 naon
912 4537 983 4599 -i'
1044 4560 1098 4604 ΤΑ.
1125 4535 1208 4627 quid
1233 4539 1310 4602 est?

719 4654 775 4721 Sl.
803 4648 894 4742 qrtricl
914 4652 1000 4717 solet
1016 4645 1118 4739 fieri.
