2820 5332
249 688 322 763 484
446 716 513 757 vm.
565 715 606 756 na
634 713 779 762 rvuarro
807 714 976 757 suerrum!
1003 711 1123 757 orimur

249 893 424 980 minusque
450 888 545 953 etiam
573 887 761 952 offensionis
787 889 880 951 inea
905 890 1054 954 oratione
1081 887 1203 966 habet,
1227 913 1336 980 qnam

248 1032 312 1073 non
351 1007 421 1070 sine
456 1004 596 1068 verbosa
624 1000 764 1094 quadam
801 1001 1021 1093 loquacitate,
1060 1004 1195 1069 minime
1223 1003 1283 1070 illa
1310 1032 1331 1071 a
1392 1024 1395 1033 ¹

245 1123 395 1186 Plautino
419 1121 553 1211 iugenio
580 1117 712 1196 aliena,
748 1115 957 1183 Philolaches
980 1121 1158 1211 pertexuit.
1210 1120 1330 1187 Vnum
1355 1168 1361 1179 ·

245 1237 309 1301 hoe
335 1235 433 1312 addo,
460 1259 525 1300 uon
554 1233 659 1298 videri
684 1233 727 1298 de
744 1235 894 1299 trimetro
913 1257 990 1299 cum
1008 1235 1198 1301 Hermanno
1216 1234 1331 1307 Elem.

245 1350 350 1416 doctr.
378 1368 470 1415 metr.
497 1376 531 1441 p.
554 1351 625 1416 ‘299
653 1346 882 1439 cogitandum,
916 1348 976 1415 sed
1009 1348 1165 1417 facillimo
1190 1353 1329 1443 negotio

242 1452 485 1531 restituendum
512 1481 752 1529 tetrametrum:

356 1575 405 1646 At
430 1602 495 1667 ego
520 1572 558 1642 ld
582 1571 593 1666 [
592 1577 706 1664 facile
728 1571 835 1663 nrlrrc]
848 1579 990 1662 furiam
1010 1581 1062 1645 ita
1085 1575 1159 1646 e'sse
1180 1596 1220 1646 ut
1243 1604 1324 1646 cre-

834 1690 935 1758 deiris.

245 1811 401 1878 Ceterum
425 1810 557 1874 inverso
584 1807 701 1875 ordine
727 1806 807 1873 libri
831 1832 903 1872 esse
932 1812 982 1873 ita
1007 1809 1171 1901 praebent
1201 1811 1320 1902 priore

242 1953 348 2006 versu,
373 1930 425 1997 ita
448 1947 520 1988 esse
536 1926 738 2017 posteriore:
764 1949 841 1989 vere
862 1942 1040 2016 utrumque
1065 1925 1107 1989 ab
1125 1926 1320 1994 Hermanno

244 2060 442 2109 correctum.

340 2159 415 2222 Non
441 2157 542 2246 magis
563 2180 685 2220 nexum
711 2179 911 2227 sermonum,
937 2179 1076 2247 prorsus
1102 2155 1145 2222 ad
1158 2159 1207 2225 rei
1229 2185 1318 2252 qnae

243 2272 349 2365 agitur
372 2272 534 2336 rationem
560 2295 844 2362 personarumque
873 2289 907 2336 et
933 2271 1162 2359 condicionem
1191 2290 1225 2340 et
1240 2300 1320 2341 sen-

242 2413 313 2452 sum
349 2386 672 2453 accommodatorum
709 2404 981 2478 perspexerunt,·
1012 2389 1130 2480 quibus
1155 2389 1188 2453 in
1213 2392 1318 2458 Most.

241 2504 312 2583 v‚1
341 2503 469 2583 horum,
497 2526 579 2595 quos
605 2503 690 2567 infra
711 2502 818 2594 posui,
846 2527 1000 2568 versuum
1022 2505 1084 2590 (30
1097 2501 1186 2597 sqq.)
1213 2531 1318 2599 quar-

242 2637 304 2693 tus,
319 2618 504 2711 displicuit:

267 2737 312 2803 30
363 2757 423 2802 ΤΗ.
446 2730 608 2802 Nostrum
633 2756 698 2823 ego
724 2733 813 2798 liune
839 2729 985 2799 vicinum
1008 2740 1131 2825 opinor
1152 2730 1225 2802 e'sse
1251 2736 1314 2803 lto-

731 2854 856 2914 minem
880 2850 1045 2915 audacem
1069 2847 1103 2916 et
1125 2852 1260 2917 malum.

359 2989 411 3033 rr.
441 2958 608 3054 Quidum?
655 2986 715 3032 ΤΗ.
753 2969 834 3056 quia
858 2965 966 3057 negdt
988 2973 1121 3033 novisse
1147 2962 1211 3033 vo's.
1259 2991 1315 3038 ru.

724 3083 852 3171 negat?
905 3104 965 3150 ΤΗ.
994 3107 1056 3148 neo
1084 3080 1140 3148 vo's
1165 3082 1232 3148 sibi

360 3191 538 3264 Nummum
561 3220 708 3288 unquam
730 3192 870 3287 argenti
894 3197 1037 3264 dedisse.
1087 3222 1139 3268 Tn-
1162 3198 1234 3273 abi,
1260 3193 1312 3265 [κ’-

725 3310 778 3374 dis
803 3337 854 3375 me
879 3313 1001 3378 credo:
1026 3307 1120 3378 ltarld
1148 3330 1267 3405 negat.

359 3446 419 3491 ΤΗ.
450 3423 542 3512 Quid
567 3427 657 3491 iam?
707 3448 760 3493 ΤΗ.
785 3432 855 3491 seio
881 3431 1004 3494 iocaris
1030 3453 1121 3494 rrunc
1146 3444 1201 3494 tu:
1225 3453 1307 3494 num

720 3539 774 3604 ille
797 3542 931 3633 quidem
955 3543 1049 3608 lraucl
1069 3559 1185 3635 negat.

353 3672 413 3718 ΤΗ.
437 3641 554 3719 'Irmno
581 3651 701 3743 edepol
724 3654 831 3744 nego't
854 3661 1030 3749 profecto:
1054 3653 1161 3751 rarique
1185 3683 1222 3725 se
1246 3659 1310 3725 lias

722 3771 820 3836 aedis
841 3769 1037 3838 Philolachi

262 3886 308 3953 35
360 3877 571 3951 Vendidisse.
633 3907 686 3953 ru.
725 3887 803 3953 elio:
838 3887 885 3953 a'n
918 3895 1058 3980 negavit
1091 3885 1157 3955 sibi
1192 3888 1311 3955 datum

726 4021 917 4093 argentum,
943 4002 1104 4073 obsecro?
1131 4033 1158 4073 e.
1185 4034 1217 4101 q.
1243 4032 1268 4073 s.

232 4111 314 4176 Nam
342 4113 399 4176 etsi
441 4111 498 4177 ille
525 4114 663 4205 quidem
695 4142 806 4184 versus
841 4120 934 4186 abest
964 4146 1040 4186 sane
1073 4148 1092 4186 a
1125 4124 1308 4189 Decurtato

232 4226 339 4316 iisque
365 4229 421 4318 qui
449 4252 488 4292 ex
514 4253 552 4295 eo
576 4231 743 4299 fluxerunt
772 4235 951 4326 exemplis,
982 4239 1148 4328 Lipsiensi
1174 4236 1248 4304 cod.
1276 4255 1311 4303 et

234 4340 311 4407 edit.
338 4344 454 4434 prino,
482 4362 591 4439 tamen
619 4371 734 4414 errore
760 4348 969 4417 librariorum
997 4355 1112 4419 abesse
1126 4355 1228 4420 Vetus
1258 4371 1309 4420 te-

232 4473 343 4521 statur.
394 4460 436 4525 Et
457 4459 538 4551 quid
568 4463 669 4554 magis
699 4481 810 4554 potest
840 4464 883 4530 ad
921 4469 1099 4534 Tranionis
1131 4467 1309 4535 confiden-

230 4571 306 4634 tiam
334 4575 569 4666 consciumque
597 4576 720 4644 fraudis
747 4581 889 4644 animum
915 4583 1101 4673 appositum
1120 4608 1307 4674 essequam

229 4688 392 4778 repetita,
429 4689 490 4756 sed
524 4710 572 4757 sat
605 4692 775 4785 eleganter
810 4697 948 4787 repetita
980 4723 1008 4766 v.
1035 4697 1082 4766 33
1117 4699 1306 4766 sententia?
