2820 5332
238 632 310 707 456
370 630 373 637 ¹
447 662 513 706 vin.
540 662 582 704 or.
610 658 755 705 renarro
784 661 952 705 scensnvn
973 663 1095 707 onntne

235 836 373 928 mulque
399 835 478 902 salsa
503 861 563 925 spe
591 833 807 901 exhilaratum
834 824 993 902 danistam
1020 835 1145 907 facilius
1171 836 1253 905 binc
1278 865 1322 905 se

237 972 423 1020 amoturum
456 968 578 1042 sperat.
637 954 713 1019 Non
748 953 854 1017 minus
891 971 999 1017 antem
1035 952 1209 1018 commode
1248 954 1321 1031 ille,

237 1097 334 1163 qoem
361 1093 576 1158 recuperasse
604 1066 769 1144 videmur,
797 1092 909 1132 versus
932 1067 1322 1159 aTranionisresponso

237 1185 416 1270 (Molestus
442 1207 485 1251 ne
509 1181 570 1263 sis)
598 1184 772 1273 excipitur,
799 1209 895 1274 quam
922 1186 956 1247 in
984 1209 1021 1247 ea
1049 1187 1203 1249 convenit
1228 1211 1319 1276 qnae

234 1299 454 1394 praecedunt.
521 1301 614 1381 Quae
650 1324 721 1364 cum
757 1296 854 1363 valde
881 1297 1038 1363 lacunosa
1063 1300 1097 1363 in
1120 1299 1213 1365 libris
1240 1326 1321 1367 mss.

236 1433 377 1492 exstent,
399 1414 559 1504 imprimis
586 1411 770 1479 dolendum
796 1430 845 1478 est
870 1412 965 1478 huius
980 1430 1083 1478 totum
1109 1414 1237 1478 initium
1256 1440 1322 1506 pa-

219 1533 330 1624 ginae
364 1532 398 1594 in
424 1529 644 1595 Ambrosiano
677 1527 793 1594 codice
828 1552 965 1618 prorsus
1003 1529 1180 1594 evanuisse.
1243 1527 1318 1594 Sed

236 1646 478 1738 qualiacunque
504 1643 616 1721 fuere,
646 1668 732 1735 quae
763 1643 810 1707 ibi
838 1644 1073 1709 vetustissimae
1100 1645 1319 1711 membranae

236 1762 426 1852 consignato
450 1776 649 1836 tenuerunt,
683 1757 813 1823 diversa
840 1758 881 1821 ab
905 1758 1172 1824 intolerabilibus
1199 1758 1322 1824 Ceme-

238 1878 314 1942 rarii
338 1875 581 1967 supplementis
607 1874 704 1939 luisse
732 1891 856 1939 eertum
885 1891 942 1940 est.
993 1875 1122 1956 Quibus
1141 1877 1322 1940 sinemura

241 1991 387 2083 expulsis
412 1989 489 2056 vide
516 2015 595 2055 num
629 1988 880 2082 diligentissime
912 1990 1094 2055 observatis
1127 1988 1322 2056 lacunarum

237 2109 359 2198 spatiis,
387 2104 496 2197 qualia
524 2107 656 2171 suntin
683 2103 847 2183 Palatinis,
875 2106 1052 2196 escitisque
1079 2130 1156 2170 cum
1180 2104 1324 2170 aliorum

239 2242 307 2289 tum
333 2221 477 2287 Acidalii
514 2221 713 2313 quibusdam
745 2221 884 2287 inventis
919 2222 966 2287 sie
999 2223 1122 2288 rectius
1152 2245 1325 2287 sermones

180 2427 182 2429 ι
235 2337 285 2403 illi
311 2336 513 2428 procedant:
1319 2312 1323 2324 ¹

337 2456 417 2520 Non
443 2451 524 2533 dds,
551 2477 622 2517 non
646 2450 756 2517 debet.
808 2473 865 2518 uA.
901 2445 974 2516 utin
999 2450 1124 2517 debet?
1181 2473 1240 2517 Μ.
1277 2475 1324 2517 ne

731 2550 800 2658 ὃν]
824 2567 958 2659 quidem

335 2687 438 2751 Ferri
462 2677 542 2749 ltine
564 2700 688 2774 potest.
714 2709 761 2746 an
790 2678 855 2768 [vis
880 2684 959 2748 binc
977 2680 1108 2777 alilquo
1133 2679 1235 2747 aberit
1251 2685 1321 2768 fo-

732 2796 856 2882 ras?*)

341 2918 467 2987 Vrbem
492 2911 572 2981 simul
595 2912 742 3008 [linquat
765 2910 943 3002 fadn0]ris
969 2915 1092 2981 caused
1116 2915 1191 2981 tui?

269 3038 313 3101 70
344 3036 436 3122 Quin
462 3028 599 3098 sdrtem‘
617 3027 873 3122 [poljlice'bimr.
927 3053 987 3099 nA.
1013 3036 1096 3122 quin
1120 3027 1193 3098 rto'n
1222 3050 1324 3124 peto:

342 3143 600 3214 It'eddn'ndumst
617 3150 775 3233 faenus,
799 3144 933 3234 facinus
960 3143 1206 3214 reddundtimst
1231 3150 1324 3215 milti.

344 3289 402 3331 ΤΗ.
436 3260 600 3332 Mole'strts
623 3289 666 3328 ne
691 3268 756 3332 sis:
792 3261 888 3330 rte'mo
912 3264 990 3330 dat:
1019 3290 1086 3357 age
1110 3262 1195 3358 quid
1220 3265 1326 3334 labet.

247 3384 392 3450 Nimium
420 3399 487 3457 est,
515 3380 607 3472 quod
623 3383 836 3447 Tranionem
863 3409 892 3447 v.
915 3381 961 3457 67
988 3380 1252 3474 respondentem
1278 3382 1326 3445 sa-

247 3501 337 3566 ciunt
358 3521 402 3560 rre
427 3521 494 3586 gry
518 3496 651 3587 quidem
676 3497 792 3563 debet:
820 3524 885 3591 qno
913 3499 950 3564 lit
969 3516 1005 3562 ut
1020 3499 1095 3564 satis
1118 3500 1229 3590 inepte
1243 3522 1325 3590 pro-

246 3615 324 3680 ximi
363 3637 480 3680 versus
512 3614 603 3678 initio
637 3633 814 3705 quaeratur
836 3619 942 3702 ferre
975 3614 1039 3681 ltoc
1072 3617 1196 3707 potes?
1233 3615 1326 3707 qnod

215 3722 224 3743 ⁸
249 3728 406 3823 quidem,
443 3729 636 3819 praesertim
665 3749 824 3821 sequente
856 3730 959 3796 altera
986 3732 1244 3822 interrogatione
1273 3730 1326 3795 illa

249 3872 333 3939 quae
360 3846 396 3911 fit
427 3869 473 3908 an
507 3842 687 3936 particula,
719 3845 856 3937 intelligi
888 3871 1024 3938 prorsus
1059 3848 1181 3939 nequit
1245 3848 1328 3913 Non

249 3961 323 4036 dat,
347 3985 436 4027 non
461 3959 593 4025 debet
620 3962 661 4026 ab
692 3962 786 4027 initio
814 3962 944 4028 dixerat
968 3964 1242 4054 intemperantius
1270 3984 1329 4026 vo-

250 4079 390 4143 ciferans
416 4103 479 4142 nec
506 4076 633 4170 singula
658 4079 758 4143 verba
796 4058 984 4170 pensitun53
1020 4103 1095 4145 mox
1132 4079 1188 4142 ubi
1219 4078 1329 4148 acrius

250 4195 372 4259 instans
399 4193 523 4259 danista
550 4219 621 4258 non
646 4193 774 4260 debet?
809 4195 1056 4287 obstupefactus
1084 4197 1232 4287 quaerit,
1265 4196 1329 4258 iam

248 4335 316 4374 non
342 4313 427 4375 serio
451 4335 641 4375 asseverare
669 4312 871 4375 Tranionem
898 4311 1061 4392 convenit,
1087 4309 1180 4403 quod
1202 4311 1331 4403 incogi·

451 4503 547 4510 ...n-—

301 4581 326 4642 ⁸)
348 4580 446 4629 vitandi
466 4578 686 4646 proceleusmatici
708 4595 798 4630 caussa
817 4581 974 4632 Hermannns
993 4581 1103 4633 mavult:

387 4677 460 4726 ferri
480 4676 542 4726 lune
556 4684 646 4742 potest.
665 4694 700 4727 nn
719 4678 756 4727 uis
772 4676 857 4744 aliquo
876 4679 938 4729 ltine
954 4679 1030 4731 abeat
1046 4680 1141 4747 foras?
