2820 5332
245 655 318 726 600
589 679 617 721 x.
665 680 707 721 oa
733 678 861 727 arurae
887 678 987 727 extre

247 847 358 917 valent
382 846 422 913 ad
451 873 481 913 v.
509 843 556 913 14
582 863 755 916 annotate:
778 846 928 940 Sequere
952 848 1019 920 ltue
1043 872 1096 915 nte
1118 854 1212 926 r'trttts
1238 851 1343 943 apud

248 959 463 1056 Glycerium]
503 963 583 1032 lum
610 979 690 1056 petet
719 989 858 1035 scenam
884 967 975 1040 itttr,
1009 969 1090 1055 qutir
1122 965 1269 1032 ulterius
1296 971 1341 1039 in

244 1106 350 1149 scena
369 1078 456 1147 ntltit
478 1083 607 1170 agitur.
635 1080 677 1144 Et
689 1078 731 1144 ad
742 1107 769 1145 v.
784 1083 844 1148 17:
871 1079 913 1148 Si
924 1077 1008 1171 quid
1019 1097 1071 1146 est
1089 1080 1182 1173 quod
1201 1080 1340 1172 restat]

249 1199 338 1287 Quia
356 1197 561 1263 narratione
573 1192 717 1285 dignum
737 1216 809 1261 non
835 1211 897 1277 est,
922 1195 1016 1288 qaod
1030 1195 1202 1264 Clusinus
1214 1214 1339 1289 regat.

370 1314 576 1383 Retrartatec
604 1327 639 1377 et
662 1311 815 1403 integrae
841 1336 961 1387 scenae
990 1315 1184 1383 accessione
1211 1334 1335 1387 arictes

245 1426 375 1497 subulae
399 1452 472 1493 cum
500 1449 568 1492 non
594 1451 658 1499 una
685 1452 798 1495 caussa
820 1428 854 1492 iu
879 1447 1038 1522 promptu
1066 1432 1130 1508 sit,
1163 1449 1232 1497 tum
1260 1457 1336 1499 nou

243 1563 293 1613 est
318 1568 358 1609 ea
381 1567 438 1609 res
461 1541 533 1609 sine
561 1540 725 1635 exemplo.
783 1541 855 1611 Sed
880 1543 1049 1617 Plautinae
1075 1544 1208 1619 fabulae
1230 1550 1333 1621 Mer-

243 1659 363 1727 cator-is
388 1682 503 1725 scenas
529 1654 703 1725 additicias
734 1682 801 1730 uon
835 1656 986 1733 debebat
1018 1661 1084 1729 hue
1109 1661 1240 1729 referre
1264 1661 1332 1731 sel·

244 1775 372 1843 sissima
407 1772 583 1841 Niebuhrii
614 1770 741 1840 iudicio
773 1772 917 1843 conlisus
951 1776 1135 1843 Grauertus
1167 1803 1202 1869 p.
1229 1780 1328 1847 203:

243 1915 312 1961 non
337 1889 438 1979 magis
467 1887 557 1957 cuim
581 1884 657 1954 illae
684 1914 782 1980 quam
810 1887 928 1957 eadem
948 1915 1023 1983 pag.
1037 1888 1245 1963 collaudatus
1259 1894 1333 1960 Au-

241 2004 380 2077 lularioe
408 2004 514 2068 exitus
541 2028 559 2067 a
585 2020 699 2073 cetere
716 2022 749 2071 et
768 2004 904 2097 antiqno
924 2025 1021 2097 poeta
1044 2025 1121 2077 suut
1141 2009 1334 2099 profectae,
1372 2016 1375 2022 '

242 2120 303 2189 sed
320 2146 339 2185 a
361 2117 498 2186 noviciis
524 2115 714 2185 hominibus
740 2119 986 2211 imperitissime
1012 2119 1223 2207 confictae*).
1250 2122 1332 2191 Neu

241 2237 349 2326 aptius
371 2260 390 2301 a
416 2232 545 2322 Guyete
574 2231 608 2299 iu
636 2232 769 2305 Phorm.
794 2234 836 2312 V,
863 2236 942 2325 (lp.
969 2234 1042 2305 380
1075 2255 1211 2327 praeter
1245 2262 1332 2308 etsu-P

243 2350 319 2415 dem
343 2347 548 2413 Aululariam
575 2364 811 2438 comparantur
835 2365 901 2414 tres
927 2347 1005 2417 illac
1032 2374 1153 2422 scenae
1176 2349 1332 2424 sutilissi·

240 2492 326 2546 mae,
352 2460 609 2557 quibus·lacera
634 2460 745 2535 sabula
760 2463 960 2555 Amphitruo
977 2465 1020 2537 ah
1044 2467 1240 2541 recentioris
1264 2496 1327 2535 ac-

242 2584 314 2648 tatis
342 2575 581 2670 interpolatore
610 2595 659 2647 est
687 2578 858 2671 suppleta:
892 2577 1000 2647 multo
1026 2599 1135 2651 autem
1164 2582 1329 2653 alieniora

242 2698 338 2764 ctiam
366 2721 404 2763 ea
430 2712 506 2767 sunt
533 2691 696 2785 exempla,
724 2719 807 2786 quae
835 2721 853 2759 c
882 2694 1081 2776 Cistellaria,
1103 2697 1326 2780 Curculione,

240 2813 443 2879 Phormione
472 2809 539 2899 ped
567 2832 667 2900 posse
690 2807 782 2875 idem
812 2808 1043 2902 sibiGuyctus
1066 2814 1144 2879 satis
1169 2816 1328 2906 profecte

193 3008 196 3015 ¹
240 2946 364 2999 temere
387 2925 558 3017 persuasit.
609 2922 694 2987 Nam
719 2925 865 3015 primum
890 2924 974 2993 haec
1001 2952 1077 2992 cum
1098 2927 1244 3021 reliquis
1258 2928 1327 3005 illis

242 3040 402 3132 componi
426 3056 609 3130 propterca
641 3057 835 3130 nequeunt,
875 3038 966 3132 qnod
994 3068 1011 3109 a
1038 3043 1174 3111 metrica
1199 3062 1272 3113 arte
1294 3065 1330 3120 et

242 3155 377 3223 dicendi
404 3179 526 3246 genere
553 3173 617 3219 tam
639 3171 715 3220 sunt
738 3172 825 3221 tersa
853 3173 886 3222 et
910 3153 1032 3247 polita,
1063 3183 1162 3250 quam
1193 3163 1326 3230 novicia

240 3276 303 3345 iste
329 3287 516 3339 commenta
540 3268 677 3337 horrida
704 3286 737 3339 et
762 3268 893 3337 insulsa.
920 3270 1054 3345 Deinde
1076 3291 1111 3340 nt
1132 3273 1324 3368 largiamur,

242 3387 332 3482 quod
361 3387 496 3479 quidem
523 3411 733 3478 nequaquam
750 3386 977 3468 concedimus,
1004 3414 1264 3481 supervacaneas
1284 3393 1333 3461 ael

240 3504 427 3595 argumenti
454 3501 697 3575 absolutionem
724 3527 795 3569 esse
821 3504 855 3567 in
871 3503 1073 3576 Phormione
1096 3530 1213 3573 scenas
1233 3526 1330 3577 actus

240 3620 349 3712 quiriti
375 3619 523 3697 tertiam,
551 3619 719 3710 quintam,
746 3620 943 3708 septimam,
966 3637 1112 3694 octavam
1135 3639 1167 3691 et
1189 3646 1328 3704 nonam,

239 3739 273 3803 in
300 3732 505 3803 Curculione
522 3752 722 3811 extremam,
748 3734 780 3799 in
806 3732 990 3806 Cistellaria
1014 3753 1075 3801 act.
1102 3735 1183 3813 Lu:
1210 3734 1351 3811 tamcn'

240 3878 279 3919 cx
303 3877 362 3930 eo,
400 3848 492 3942 quosl
518 3850 589 3917 sinc
612 3850 680 3914 istis
705 3851 856 3939 partibus
883 3849 1050 3942 aliquanto
1077 3850 1195 3918 melior
1222 3856 1325 3923 exsti·

240 3988 310 4037 tura
334 3966 444 4039 salmla
468 3966 519 4043 sit,
546 3965 681 4031 minime
707 3965 894 4058 suppositas
922 3992 976 4037 cas
998 3993 1070 4036 esse
1087 3988 1324 4062 consequatur.

238 4085 394 4174 Denique
420 4083 561 4149 maxime
597 4100 774 4173 utrumque
809 4108 914 4175 gersus
941 4108 981 4151 ee
1008 4083 1106 4155 distat
1139 4084 1251 4176 quod,
1294 4090 1325 4157 si

237 4198 338 4267 modo
366 4196 607 4290 aliquantisper
634 4224 708 4267 eum
736 4197 865 4292 Guyeto
892 4200 1092 4280 sentiamus,
1125 4185 1208 4267 istae
1244 4204 1324 4293 qui-

236 4313 316 4381 dem
342 4332 452 4408 partes
480 4339 555 4381 curu
583 4312 782 4394 Cistellaria,
808 4314 1021 4395 Curculione,
1048 4316 1249 4389 Phormione
1277 4319 1325 4387 ita

235 4433 300 4498 sint
331 4428 595 4522 conglutinatae,
621 4448 656 4497 ιιι
681 4432 816 4522 integris
843 4434 975 4499 serratis
1001 4431 1138 4525 reliquis
1165 4433 1324 4524 partibus

234 4572 318 4619 nera
359 4546 548 4613 accessione
588 4545 698 4617 sabula
732 4573 884 4642 quaeque
922 4565 1093 4641 augeatur:
1129 4565 1246 4619 contre
1283 4552 1321 4627 iu

235 4651 505 4666 ———

267 4690 293 4750 ἰ
313 4682 351 4735 et.
371 4699 448 4751 supra
466 4700 490 4752 p.
512 4685 565 4739 399
583 4688 661 4743 uicta.
