2820 5332
409 686 663 733 uosrrunaartu
690 685 882 732 rasorium.
1112 670 1178 738 501

106 886 212 941 suum,
239 860 402 953 equibus
427 860 513 928 baec
539 886 635 928 scena
664 885 752 929 nunc
777 878 926 941 constat,
948 861 1078 927 illarum
1102 888 1184 928 neu-

105 994 187 1044 tram
213 975 432 1043 offensionum
458 974 623 1043 sublatum
648 978 699 1043 iri.
718 1011 766 1027 -
790 977 967 1071 Reliquum
996 995 1185 1056 astantem,

104 1110 141 1158 ut
166 1089 292 1184 singula
320 1115 405 1183 quae
432 1093 602 1183 posuimus
629 1093 731 1158 verba
755 1092 869 1184 paucis
896 1112 1052 1160 tatemer.
1086 1090 1180 1160 vait

104 1203 360 1298 Misergyridss
386 1203 533 1272 danistae
562 1230 685 1273 nomen
707 1205 950 1298 lepidissimum
973 1232 992 1273 e
1020 1207 1204 1303 librorum

106 1324 250 1415 vestigiis
277 1325 324 1388 mi
345 1324 521 1388 carcinites
547 1339 580 1389 et
605 1325 822 1388 misertirites
857 1323 1029 1416 praeclaro
1052 1325 1184 1389 invento

106 1440 191 1504 eruit
217 1436 404 1506 Gulielmus
423 1438 579 1504 Verisim.
591 1437 616 1516 Ι,
635 1442 664 1505 l.
689 1472 735 1486 -
759 1440 800 1506 V.
812 1436 859 1507 42
884 1455 1065 1530 argentost
1086 1463 1186 1532 prae-

105 1553 178 1619 buit
203 1555 325 1620 Vetus:
360 1568 526 1643 argentos
552 1570 602 1618 est
635 1552 670 1616 in
694 1533 896 1633 Discurtato,
935 1570 1082 1645 argetato
1112 1578 1187 1619 eum

108 1669 199 1735 hiatu
224 1667 331 1761 vulgo.
362 1702 407 1716 —
432 1669 471 1733 V.
498 1663 546 1735 44
572 1666 671 1732 homo
697 1672 813 1733 inanis
840 1686 899 1735 est.
926 1692 982 1736 ra.
1011 1669 1066 1734 laic
1087 1668 1186 1734 laomo

108 1800 160 1849 est
186 1800 278 1850 certe
299 1782 388 1849 libri.
426 1780 526 1867 Quod
551 1785 733 1875 posuimus,
750 1801 796 1851 et
820 1786 984 1852 sermonis
1013 1803 1045 1852 et
1069 1810 1187 1850 nume-

107 1921 221 1964 rorum
248 1899 450 1966 concinnitas
476 1896 674 1989 postulabat.
714 1932 755 1947 -
790 1899 833 1972 V,
860 1895 904 1968 47
928 1898 1073 1992 syllabae
1100 1923 1186 1992 quae

111 2032 187 2080 sunt
210 2018 308 2080 -iro
332 2037 442 2108 quom,
465 2037 607 2106 quorum
634 2012 709 2080 loco
735 2011 872 2082 lacunae
896 2015 1037 2107 spatium
1059 2017 1094 2079 in
1124 2017 1185 2078 Pu-

109 2127 233 2209 latinis,
270 2128 428 2196 Italorum
461 2128 673 2195 coniecturae
705 2128 980 2221 interpolatorum
1008 2128 1186 2208 debentur,

109 2246 167 2336 qui
191 2263 368 2337 praeterea
393 2268 487 2309 nuno
508 2242 711 2310 adiecerunt.
750 2244 903 2312 Indidem
920 2247 1074 2339 proximo
1092 2271 1188 2311 uersu

106 2359 188 2427 hoec
212 2361 393 2428 fluxerunt:
431 2382 490 2428 DA.
516 2363 599 2453 quin
624 2359 707 2425 milti
730 2379 914 2450 argentum
943 2360 1073 2426 recl-r
1110 2386 1186 2427 nam

108 2475 201 2542 ditur
234 2477 269 2541 in
299 2475 451 2541 Palatinis
485 2491 661 2543 servatum.
719 2477 820 2541 Recte
854 2475 909 2541 illa
933 2475 1083 2556 inventa,
1124 2477 1187 2543 nisi

110 2590 201 2684 quod
218 2594 355 2679 foenus
379 2606 527 2682 praestat
551 2608 587 2657 ut
608 2617 636 2656 v.
663 2590 720 2658 53.
743 2624 791 2642 -·
815 2592 854 2658 V.
869 2587 916 2660 49
942 2609 1019 2683 post
1044 2614 1087 2657 ne
1112 2616 1188 2656 mim

110 2733 182 2774 sum
206 2707 323 2773 lacuna
349 2725 398 2773 est
422 2707 456 2770 in
481 2704 578 2772 Pell:
608 2707 718 2772 clamo
743 2705 816 2773 Itali
842 2706 1060 2787 addiderunt,
1087 2709 1217 2771 ninse‘s·

109 2824 335 2904 Camerarius,
370 2845 513 2915 quorum
537 2839 694 2888 neutrum
720 2820 872 2890 dubium.
901 2857 944 2871 -
983 2823 1024 2888 V.
1049 2822 1095 2890 53
1120 2825 1188 2886 iom

109 2937 168 3005 abt
190 2940 287 3030 posui
312 2962 376 3031 pro
396 2960 489 3002 nureo
514 2935 586 3018 abi,
612 2936 706 3030 quod
731 2937 810 3004 libri
835 2955 956 3004 teuent
992 2973 1037 2986 —-
1073 2938 1113 3003 V.
1141 2932 1189 3002 54

109 3077 151 3118 oc
177 3070 352 3118 eontemm
376 3053 523 3131 Bothius,
549 3051 688 3119 sortasse
712 3078 809 3120 vere:
837 3077 1026 3145 quanquam
1053 3050 1098 3118 de
1123 3051 1189 3117 hoc

112 3187 207 3236 caute
234 3165 458 3234 iudicandum.
509 3168 635 3234 Mirum
661 3184 709 3233 est
734 3169 768 3233 in
781 3169 1009 3247 Ambrosiam,
1036 3169 1069 3232 in
1097 3167 1189 3234 euius

111 3285 178 3350 hac
199 3285 316 3378 pagina
341 3283 421 3349 hine
443 3307 570 3375 paucae
605 3281 772 3351 litterulae
806 3282 975 3375 quaedum·
1001 3281 1066 3375 legi
1089 3307 1187 3374 posse

79 3483 82 3490 Ι
109 3401 284 3492 incipiunt,
308 3401 414 3466 visum
437 3423 510 3465 esse
536 3415 678 3465 contero
704 3417 843 3466 exstare.
868 3432 911 3446 -
942 3399 981 3465 V.
1002 3399 1050 3467 56
1076 3421 1191 3462 verum

111 3517 224 3582 hercle
258 3515 335 3582 dico
368 3513 411 3582 ad
445 3514 624 3582 Tranionis
657 3516 758 3582 verba
784 3542 812 3583 v.
839 3517 897 3584 59.
923 3515 971 3582 53
997 3512 1190 3600 (reddetur)

111 3640 263 3726 spectant
287 3657 354 3700 nec
377 3629 447 3698 ullo
471 3628 572 3698 modo
599 3630 805 3699 sollicitanda
827 3648 911 3698 sunt.
950 3629 1078 3697 Eodem
1097 3654 1192 3696 versu

112 3747 170 3812 aba·
194 3748 363 3841 geminavi.
404 3778 454 3796 ·-
503 3749 543 3814 V.
571 3747 616 3815 57
644 3747 700 3812 tic
722 3745 820 3838 vulgo
845 3747 1000 3813 omissum
1029 3770 1070 3811 ex
1095 3743 1193 3809 libris

114 3864 267 3929 omnibus
294 3863 447 3930 accessit:
482 3879 635 3928 actutum
660 3880 768 3929 eutem
792 3885 855 3954 pro
869 3864 1006 3946 soerias
1031 3886 1054 3924 e·
1076 3859 1193 3924 conie-

113 3995 204 4043 ctura
231 3980 391 4069 positum,
430 3979 522 4045 cuius
557 4002 685 4044 caussas
719 4002 818 4068 supra
847 3974 1090 4066 explicavimus.
1147 4006 1193 4020 -

114 4094 155 4159 V.
179 4093 226 4161 58
251 4091 331 4156 dine
351 4092 488 4171 inserui,
516 4107 552 4156 ut
576 4117 603 4156 v.
632 4096 687 4160 ot.
715 4123 759 4138 -
782 4091 822 4156 V.
842 4091 889 4159 59
916 4090 1007 4155 illam
1034 4090 1193 4182 cognosci
1268 4083 1273 4098 ’

116 4209 149 4271 in
171 4208 286 4272 Ambr.
311 4210 438 4298 potuit,
472 4204 565 4299 quod
592 4230 667 4273 casu
693 4206 812 4272 laetum
840 4224 875 4271 ut
908 4207 1006 4271 etiam
1029 4206 1064 4270 in
1090 4207 1194 4271 inter-

115 4319 233 4414 polatis
259 4318 358 4388 codd.
380 4319 516 4412 legatur.
543 4320 648 4386 tilnne
668 4322 751 4386 Dec.
778 4339 810 4387 et
833 4321 925 4398 Vct,
952 4319 1013 4386 sed
1040 4321 1094 4388 hic
1121 4344 1148 4384 n·
1172 4345 1193 4386 e

116 4460 202 4502 corr.
228 4436 306 4503 Mox
333 4458 419 4525 aega
447 4435 682 4527 geminandum
708 4436 776 4503 saie
813 4471 859 4485 -
895 4437 955 4502 Vv.
982 4435 1038 4503 55.
1066 4435 1115 4504 66
1140 4458 1195 4502 re-

115 4552 204 4620 stitui
240 4553 360 4644 partim
399 4549 441 4618 de
466 4552 656 4618 coniectura
688 4554 807 4645 partim
837 4551 989 4619 codicum
1015 4551 1198 4619 iideiutcr

116 4693 152 4737 so
178 4665 386 4736 collatorum
449 4667 488 4735 lu
523 4667 744 4736 Ambrosiauo
777 4667 860 4740 baec
894 4667 962 4765 lagi
995 4684 1195 4765 potueruut:
