2820 5332
231 718 303 792 368
594 751 599 754 ·
624 740 667 784 vt.
700 738 745 785 uc
768 736 945 787 acrearum

230 906 350 980 Statilii
384 902 520 976 Maximi
551 912 585 976 in
618 909 781 977 Catonem
817 935 935 978 senem
960 907 1191 979 commentarii
1218 906 1316 980 facile

230 1030 375 1120 cuipiam
398 1025 590 1093 videantur:
618 1025 662 1091 de
688 1026 811 1118 qulbus
836 1025 902 1094 vid.
928 1027 1096 1119 Suringsr.
1123 1025 1316 1123 I,p.63sq.

231 1143 343 1228 Quid?
369 1140 461 1235 quod
488 1167 531 1206 ne
556 1140 660 1209 multu
687 1144 901 1209 contestatior
926 1141 1063 1235 quidem
1081 1137 1232 1234 quamin
1243 1147 1317 1211 Tc·

227 1259 383 1335 rentium,
408 1255 556 1322 eiusdem
583 1255 676 1323 Celsi
699 1259 736 1324 in
749 1236 925 1349 Virgilium
951 1255 1207 1325 commentarius
1225 1257 1316 1345 (Sur.

228 1373 271 1452 ΙΙ,
297 1394 329 1464 p.
359 1370 427 1442 160
449 1369 540 1464 sqq.)
564 1373 640 1439 satis
665 1370 861 1465 persuaderi
884 1373 1016 1465 Heynio
1042 1371 1106 1439 vol.
1128 1375 1170 1455 V,
1193 1400 1226 1467 p.
1243 1376 1316 1444 532

227 1488 356 1581 potnit?
405 1488 447 1552 Et
487 1504 595 1553 tamen
629 1502 751 1579 quanta
782 1489 817 1553 in
852 1487 914 1555 hac
941 1512 1054 1554 caussa
1078 1489 1111 1553 io
1139 1506 1315 1583 utramque

227 1622 357 1697 partem
384 1605 535 1669 cautione
559 1626 643 1695 opus
669 1604 720 1682 sit,
746 1626 813 1669 non
837 1619 948 1695 potest
972 1600 1195 1670 luculentiore
1215 1630 1316 1697 qnam

228 1718 342 1784 Scauri
359 1717 716 1809 esentplomonttrarl,
740 1743 840 1811 quem
867 1721 941 1810 quis
966 1735 1026 1797 est,
1050 1721 1109 1810 qui
1134 1720 1315 1786 intrrVir-
1367 1767 1369 1770 -

192 1872 193 1876 =
226 1832 297 1927 p'lii
322 1835 525 1925 interpretes
550 1833 681 1898 referre
707 1850 849 1925 propter
876 1855 976 1899 uuum
1001 1832 1104 1926 idque
1125 1837 1315 1928 ambiguum

227 1949 404 2019 Serviirin
429 1950 511 2015 Aen.
546 1950 605 2026 ΙΙΙ,
631 1944 702 2017 484
730 1949 961 2015 testimonium
995 1972 1092 2016 ausus
1126 1967 1216 2017 esset
1239 1970 1314 2017 ante

230 2064 318 2132 edita
344 2065 385 2130 ab
411 2064 452 2130 A.
476 2062 565 2130 Maio
591 2060 798 2131 Veronensis
833 2063 978 2132 scholia?
1029 2064 1080 2132 Cf·
1113 2063 1243 2159 Soring.
1272 2068 1315 2144 ΙΙ,

228 2202 266 2273 p.
295 2180 374 2250 189.
424 2177 482 2244 Est
504 2180 569 2245 hoc
593 2179 746 2271 profectu
775 2178 963 2259 eiusmodi,
1000 2194 1036 2247 ut
1061 2182 1095 2246 in
1118 2184 1314 2248 memoriam

211 2298 324 2393 'nobis
350 2313 486 2362 revocet
508 2284 592 2360 illud
614 2297 736 2362 veteris
763 2314 902 2386 poetae,
932 2298 968 2362 iu
1005 2296 1091 2362 hane
1117 2313 1220 2362 artem
1240 2320 1314 2363 ¹non

226 2413 335 2478 minus
368 2436 467 2504 quam
494 2413 527 2475 in
549 2410 721 2477 hominum
747 2413 844 2477 vitam
869 2407 1097 2504 quotidianam
1125 2436 1313 2479 accommo-

228 2521 356 2594 datum:
399 2523 488 2619 τάχ’
526 2510 570 2593 ἄν
599 2544 656 2603 τις
690 2521 782 2604 εἰκὸς
812 2518 907 2592 αὐτὸ
940 2527 1042 2593 τοῦτ’
1074 2517 1168 2594 εἶναι
1203 2523 1315 2617 λέγοι,

225 2635 396 2739 βροτοῖσι
428 2635 551 2709 πολλὰ
582 2638 779 2734 τυγχάνειν
810 2636 875 2707 οὐκ
911 2637 1047 2712 εἰκότα.
1099 2641 1170 2710 Sed
1201 2660 1313 2710 tamen

227 2784 295 2852 quo
325 2760 360 2825 in
399 2755 491 2826 Celsi
526 2784 638 2825 caussa
672 2776 780 2837 utare,
820 2746 921 2823 unum
946 2777 1100 2852 superest
1126 2761 1190 2829 hoc
1215 2788 1314 2855 argu·

226 2893 384 2952 mentum,
412 2873 503 2965 quod
528 2875 730 2966 grammatici
757 2867 836 2938 libri
862 2874 902 2939 ab
930 2872 987 2942 illo
1016 2874 1106 2956 editi,
1144 2901 1211 2967 quo
1246 2880 1335 2942 Te·'

224 2991 375 3057 rentiana
402 2989 554 3082 exempla
576 2992 746 3082 potuerint
771 2992 919 3068 tractari,
955 2988 1083 3056 nullum
1106 2990 1196 3082 apud
1225 3008 1315 3055 vete·
1378 2991 1381 2997 ’

226 3129 280 3172 res
316 3102 488 3194 vestigium
518 3125 636 3172 exstat:
678 3130 792 3198 neque
828 3103 916 3170 enim
946 3103 1042 3170 vele
1069 3103 1229 3171 Prisciani
1255 3102 1314 3183 Ill,

226 3245 259 3314 p.
274 3220 361 3299 607,
380 3219 445 3301 39,
470 3218 524 3285 vel
552 3245 570 3285 e
598 3216 772 3286 Diomedis
798 3214 824 3297 Ι,
850 3245 882 3311 p.
909 3216 1038 3300 3024
1069 3217 1142 3307 (ubi
1168 3239 1313 3287 erratum

226 3333 396 3403 Aruntius
424 3331 585 3403 Claudius
610 3331 640 3420 *)
667 3333 750 3400 illud
778 3351 871 3412 recte
900 3333 1120 3402 concluditur.

325 3453 397 3517 Hoc
423 3469 531 3516 autent
559 3446 865 3542 quomodocunque
895 3475 929 3516 se
955 3451 1068 3530 habet,
1096 3467 1220 3517 tantum
1241 3473 1316 3516 ocr-

228 3582 296 3632 tum
326 3584 394 3646 cst,
426 3567 526 3658 longe
560 3565 731 3658 longeque
759 3567 854 3634 etium
880 3569 1120 3657 suspectiorem
1146 3565 1315 3632 Plautino·

230 3707 304 3750 rum
331 3677 420 3750 Celsi
448 3683 765 3749 commentariorum
788 3683 983 3748 memoriam
1010 3706 1090 3748 esse.
1131 3685 1253 3748 Nititur
1279 3708 1317 3747 ea

214 3798 307 3866 'solis
336 3799 477 3865 Charisii
502 3823 536 3890 p.
566 3797 645 3877 190,
666 3797 713 3865 ‘29
739 3798 868 3875 verbis,
907 3821 993 3889 quae
1027 3797 1112 3862 infra
1145 3800 1317 3890 posuimus

228 3938 403 3982 unacum
445 3915 484 3979 iis
531 3939 615 4006 quae
649 3914 802 4006 proxime
840 3910 1062 3979 antecedunt:
1112 3910 1317 4005 Perplcxim.

227 4027 343 4100 Plau.
371 4035 408 4096 in
431 4027 567 4097 Sticho:
599 4031 722 4098 Vtrum
747 4053 812 4119 ego
838 4027 1027 4120 perplexim
1050 4028 1214 4094 lacessam
1239 4053 1318 4093 ora-

227 4153 330 4213 tione.
358 4181 405 4196 -
427 4142 623 4213 Publicitus.
665 4144 809 4210 Plautus
838 4148 874 4208 in
897 4143 1033 4208 eudem:
1083 4146 1211 4211 Nonne
1247 4144 1311 4208 ltoc

225 4263 415 4355 publicitus.
465 4261 533 4332 Vbi
559 4261 696 4335 Celsus,
733 4258 913 4350 publicitus
938 4276 973 4325 et
1000 4260 1158 4365 clariter,
1194 4263 1317 4354 iuquit,

227 4376 371 4446 dicunt:
403 4402 465 4442 uos
490 4375 622 4467 publice
649 4375 805 4465 clareque
830 4374 981 4442 dicimus.
1018 4378 1166 4444 Titinius
1192 4381 1229 4442 t'u
1256 4377 1319 4445 Se-

236 4571 478 4586 m,—

278 4647 304 4720 ·)
334 4644 400 4696 Vidit
414 4617 469 4696 liae
484 4646 559 4697 ctiam
579 4645 696 4697 0'aannus
715 4644 828 4712 Synrbol.
853 4646 887 4710 ΙΙ,
907 4663 933 4717 p.
952 4645 1015 4713 343,
1034 4646 1143 4702 credidit
1163 4653 1249 4700 autem
1269 4664 1317 4701 no-

93 4721 99 4730 ’
167 4753 171 4764 ·
267 4795 270 4802 Ι
336 4721 871 4802 bislindennmuuainchadup.127.
