2820 5332
219 734 293 807 ·60
586 758 621 804 ιι.
647 757 689 800 ιιι
718 755 847 801 santra
875 754 1002 802 ιιιιτι.

152 999 155 1006 ,
244 925 386 1021 quidem
411 926 522 993 minor
545 941 656 1018 potest
680 927 788 994 Ennio
815 925 975 994 extitisse.
999 923 1083 992 Nam
1107 949 1182 994 cum
1210 949 1273 1019 per
1298 951 1334 993 se

204 1077 213 1093 ·
241 1066 363 1135 parum
388 1040 510 1106 habeat
535 1039 789 1132 probabilitatis,
816 1039 883 1108 dno
912 1058 944 1106 et
962 1040 1080 1133 viginti
1092 1063 1196 1106 annos
1221 1060 1334 1107 natum

245 1158 399 1249 coepisse
427 1155 595 1233 scribere,
630 1172 697 1221 tum
731 1152 833 1248 longe
870 1153 1040 1220 diversum
1065 1153 1228 1246 quiddam
1251 1154 1335 1221 reli-

242 1297 330 1365 quae
358 1271 440 1336 vitae
463 1271 609 1336 rationes
649 1268 832 1336 suadente
859 1266 970 1376 6911ἱο
996 1267 1069 1346 111,
1095 1273 1118 1338 3
1146 1287 1333 1335 enarratae:

240 1385 314 1456 Sed
337 1390 429 1451 enim
451 1383 672 1453 Saturionem
705 1401 740 1450 et
775 1381 963 1451 Addictum
995 1399 1032 1449 et
1056 1387 1333 1477 tertiam··qaau·

239 1499 449 1576 daimonias
474 1523 567 1565 nunc
590 1499 675 1565 milti
700 1506 826 1564 ttamen
852 1522 925 1565 non
940 1503 1101 1589 suppetit,
1128 1501 1166 1565 irs
1180 1502 1330 1591 pistrino

239 1636 317 1682 man
340 1618 515 1704 scripsisse
541 1615 656 1682 Varro
683 1629 718 1679 et
740 1613 894 1706 plerique
927 1613 991 1679 alii
1013 1617 1197 1680 memoriae
1221 1611 1333 1679 tradi-

240 1729 388 1805 derunt,
411 1753 486 1796 cnm
506 1732 658 1821 pecunia
681 1733 777 1794 omni
787 1775 799 1814 ,
837 1750 939 1821 quam
964 1733 1001 1796 in
1022 1733 1136 1822 operis
1161 1728 1333 1822 artificum

239 1848 453 1913 scenicarum
474 1859 671 1936 pepererat,
709 1847 747 1909 in
769 1843 974 1910 mercatibus
1006 1843 1070 1931 (sic
1103 1868 1168 1937 pro
1202 1869 1333 1911 merca-
1387 1904 1391 1912 .

240 1957 391 2026 mortibus
417 1982 459 2024 ex
482 1958 616 2049 optimis
644 1956 818 2025 codicibus
844 1956 1077 2041 scribendum)
1112 1956 1253 2049 perdita
1279 1963 1349 2053 ιἰι-Ι

238 2096 300 2167 ops
323 2072 467 2141 Romam
493 2071 651 2147 redisset,
678 2088 713 2138 et
737 2072 780 2138 ab
803 2071 1038 2165 quaerendam
1053 2077 1177 2139 rictum
1202 2071 1252 2140 ad
1265 2078 1333 2140 cir-

240 2187 474 2280 cenmgendas
499 2188 620 2264 molas,
641 2211 730 2281 puae
756 2190 931 2255 trusatiles
950 2189 1181 2281 appellantur,
1195 2213 1335 2282 operam

237 2309 364 2399 pistori
385 2303 541 2369 locasset.
567 2395 570 2401 Ι
594 2301 795 2371 Mirabiliter
821 2302 872 2370 his
898 2306 933 2370 in
959 2305 1035 2371 Vita
1068 2303 1176 2372 Plauti
1200 2306 1334 2370 Lassiu-
1378 2378 1385 2395 Ι

238 2421 312 2512 gius
339 2437 390 2486 est
415 2418 546 2497 abusus,
573 2418 632 2510 qui
658 2415 840 2485 admodum
858 2417 1108 2488 adnleseentem
1133 2421 1265 2511 poesim
1292 2418 1336 2484 il-

237 2534 308 2603 lum
330 2534 475 2626 attigisse
501 2533 635 2612 scribat,
658 2531 784 2600 deinde
808 2534 945 2601 Romam
970 2532 1159 2627 reliquisse,
1182 2552 1260 2627 post
1275 2560 1335 2601 au-

187 2703 189 2707 .
239 2666 306 2716 tem
340 2649 375 2713 in
406 2648 528 2716 urbem
560 2671 733 2714 reversum
756 2648 898 2739 pristina
919 2646 1027 2714 studia
1053 2646 1261 2741 aliquantum
1284 2650 1336 2715 in-

239 2763 393 2830 termissa
432 2758 627 2827 recoluisse.
685 2763 800 2854 Longe
836 2760 900 2828 alio
935 2760 1040 2828 Gellii
1077 2760 1134 2828 illa
1170 2780 1334 2854 spectare,

239 2901 342 2971 qaam
367 2880 414 2944 irs
439 2879 592 2968 operis
629 2878 866 2957 artificum
890 2880 1166 2943 scenicorum
1193 2902 1337 2971 pepere-

239 3008 310 3067 rat,
336 3014 438 3057 nemo
465 3010 515 3058 est
538 2991 620 3084 quin
645 2988 765 3056 videat.
817 2990 972 3057 Artifices
1005 2993 1133 3059 scenici
1165 3015 1233 3060 non
1258 3011 1336 3061 sunt

239 3123 382 3198 poetae:
411 3103 465 3189 (ao
490 3105 519 3169 si
546 3121 668 3183 essent,
697 3105 754 3195 qui
782 3103 917 3170 tandem
946 3131 987 3171 cx
1011 3103 1077 3170 illis
1104 3104 1241 3200 quidem
1260 3132 1337 3173 rer-

238 3222 302 3300 bis,
329 3242 468 3312 operam
492 3219 587 3311 poesi
597 3216 749 3283 Plautum
773 3216 920 3300 dedisse,
948 3219 1250 3311 consequereturi)
1273 3221 1336 3287 scd

241 3351 320 3404 suut
342 3334 536 3402 histriones.
564 3330 596 3415 *)
647 3332 834 3400 Hisniones
860 3353 981 3401 autem.
996 3358 1056 3400 sas
1080 3354 1202 3426 sponte
1237 3336 1337 3401 intel-

241 3449 356 3544 ligitur
382 3446 426 3516 ad
449 3449 550 3530 vatia,
575 3471 662 3540 quoe
688 3449 724 3514 in
749 3447 812 3515 hae
839 3468 910 3516 arte
937 3472 999 3515 usu
1024 3449 1186 3530 venirent,
1204 3451 1338 3542 negotia

242 3564 300 3634 rel
324 3565 457 3658 opificia
481 3564 640 3630 ministris
667 3561 869 3654 quibusdam
898 3586 989 3655 opus.
1018 3562 1195 3631 babuisse:
1228 3589 1337 3657 eoque

242 3698 375 3773 spectat
398 3701 577 3747 onanaatvs
603 3700 739 3758 nomen,
766 3678 860 3771 quod
876 3680 915 3761 ¹in
939 3680 1013 3770 ipso
1041 3681 1178 3748 scenico
1205 3705 1332 3774 genem

299 3876 327 3940 ⁸)
356 3872 519 3940 Intelligisne
536 3849 625 3940 ipitar,
641 3887 696 3940 quo
711 3872 768 3923 iure
786 3871 850 3924 llist.
871 3870 920 3923 litt.
941 3870 985 3923 lat
1004 3887 1027 3940 p.
1046 3872 1096 3926 189
1107 3872 1287 3938 Bernhardyns
1306 3872 1340 3922 de

350 3958 441 4012 Plauto
472 3958 537 4010 ltaee
567 3957 676 4011 scribat:
706 3974 773 4026 ,aas
796 3956 936 4027 niedripsr‘
954 3957 1069 4026 Attum
1089 3959 1144 4011 aad
1158 3960 1188 4010 s'st
1208 3958 1339 4026 datrfls'pen

353 4045 563 4109 Verltltnitssa,
590 4046 686 4098 welclts
710 4045 760 4096 dett
776 4045 861 4112 Baras
874 4045 946 4096 sistet
964 4044 1245 4115 Selaeapa'slsrs
1267 4043 1336 4093 and

350 4132 461 4186 sellst
485 4133 529 4185 des
546 4133 750 4185 Hasdarlcitsss
769 4131 823 4185 itu
840 4132 1044 4200 aasdrastpeffl
1060 4162 1097 4176 -
1116 4130 1180 4184 Gan
1203 4129 1340 4196 Lessingio

352 4225 469 4270 errarunt
487 4218 604 4271 Osannus
624 4219 699 4270 Anal.
718 4234 744 4285 p.
768 4216 826 4280 ¹42,
847 4225 873 4269 et
894 4217 1036 4287 singularia
1054 4218 1086 4269 de
1106 4224 1200 4285 poetae
1217 4216 1341 4266 mercati-

350 4305 399 4357 bus
419 4320 526 4356 aarrans
543 4306 669 4356 liitterns.
684 4305 711 4355 ι“ιι
731 4303 801 4355 Dias.
820 4303 942 4357 scholast.
959 4320 983 4356 a.
1003 4303 1071 4356 1830
1098 4317 1123 4370 p.
1142 4302 1196 4356 884
1213 4318 1252 4371 sq.
1290 4303 1341 4354 Sed

355 4394 468 4445 omnium
486 4393 597 4444 maxima
617 4393 682 4443 mira
700 4391 780 4442 habes
800 4392 868 4458 apud
887 4391 932 4443 Th.
952 4389 1161 4445 Scbmldimnin
1180 4389 1241 4447 ilar,
1262 4389 1343 4456 Epist.

352 4480 387 4542 11,
409 4484 432 4544 1,
452 4481 523 4532 175:
560 4479 643 4530 Scllst
663 4478 768 4530 Plautus
788 4478 890 4530 sebrisl
908 4479 964 4531 siclt
983 4477 1080 4529 seriel
1098 4495 1256 4541 susanna,
1282 4478 1344 4529 dass

299 4620 301 4623 ,
351 4583 382 4617 er
400 4583 447 4619 eus
466 4568 550 4619 cirtem
566 4565 714 4617 lemisclsest
722 4565 832 4616 Diclter
849 4567 892 4616 ein
903 4565 1098 4618 Hassdelsmamt
1115 4566 1212 4627 acarde,
1231 4564 1285 4615 and
1302 4563 1343 4614 als

351 4671 381 4704 er
398 4653 463 4704 alles
483 4652 603 4704 aerlersst
619 4652 707 4714 batte,
734 4661 827 4704 masste
845 4669 888 4714 er,
918 4653 964 4704 der
982 4653 1050 4704 Nost
1074 4669 1106 4703 aas
1126 4651 1268 4719 eutychen,
1299 4650 1342 4700 dio

352 4739 442 4794 stalle
461 4740 560 4792 aretas
575 4739 631 4793 sati
652 4739 728 4792 Verre
745 4739 900 4792 sessuros.
927 4738 1050 4795 Tascius
1068 4740 1123 4812 μὲν
1139 4730 1173 4806 dri
1191 4738 1287 4793 satra.
