2820 5332
418 777 443 815 a
468 775 511 816 ue
540 773 657 823 marri
683 773 810 816 auersa
835 771 1025 816 aourassvs.
1210 751 1252 818 ¹9

161 945 218 1013 Sic
244 943 341 1037 plana
366 970 442 1011 csse
471 961 552 1037 puto
579 945 699 1012 omnia.
725 942 843 1009 Prodit
867 944 901 1007 in
929 967 1060 1008 scenam
1087 968 1154 1008 non
1174 970 1255 1037 pro-

157 1064 235 1154 prio
261 1063 376 1127 babitu
401 1060 577 1154 Prologus,
603 1060 663 1127 sed
684 1059 869 1151 prologum
897 1076 1047 1125 oraturus
1081 1059 1255 1136 Charinus,

159 1175 386 1268 duplicesque
416 1200 452 1241 se
487 1192 599 1266 partes
630 1193 855 1241 sustenturum
882 1173 1080 1265 profitetur,
1114 1198 1253 1265 quarum

159 1275 286 1356 alterae
314 1287 359 1354 ad
381 1306 610 1382 argumentum
638 1288 781 1368 fabulae,
816 1288 861 1353 ad
887 1312 979 1352 suam
1006 1289 1109 1378 ipsius
1139 1287 1258 1354 condi-

162 1406 298 1471 cionem
321 1403 448 1470 altera-c
470 1403 670 1495 pertineant.
719 1401 758 1470 ld
784 1404 893 1494 ipsum
932 1419 969 1467 ut
993 1404 1132 1470 strictim
1160 1428 1259 1470 excu-

162 1537 228 1596 set,
256 1537 392 1610 praeter
414 1543 545 1585 morem
571 1542 652 1584 saue
678 1517 752 1583 lieri
777 1518 840 1597 ait,
874 1515 985 1608 qnod,
1013 1518 1065 1583 cui
1092 1541 1181 1583 nunc
1205 1541 1260 1583 so·

164 1636 229 1702 lius
256 1635 390 1728 prologi
417 1660 564 1728 persona
591 1637 633 1701 sit
654 1635 794 1728 agenda,
821 1633 918 1698 simul
946 1651 980 1699 et
1005 1635 1111 1699 statim
1137 1635 1177 1698 ab
1196 1635 1262 1699 ini-

163 1753 209 1817 tio
238 1751 351 1835 (ilico,
383 1725 456 1816 non,
486 1752 520 1814 iu
546 1752 655 1842 prima
686 1749 823 1817 demum
857 1773 955 1815 scena
981 1750 1085 1840 ipsius
1112 1747 1260 1833 subulae)

164 1889 229 1956 pro
269 1891 327 1931 sua
360 1865 498 1931 Charini
532 1888 678 1956 persona
716 1863 798 1949 (aon
830 1887 894 1955 pro
933 1886 1079 1954 persona
1112 1860 1261 1955 prologi)

167 2005 284 2046 earum
306 2005 431 2061 rerum,
458 2004 540 2072 quas
567 1982 654 2046 scire
675 1981 817 2061 intersit,
840 1978 999 2045 iudicium
1017 1980 1262 2072 spectatoribus

167 2093 274 2160 saciat.
326 2097 402 2177 Quo
427 2095 462 2158 in
488 2119 613 2186 genere
653 2095 729 2186 quis
756 2118 823 2160 non
850 2095 1042 2161 Chremetis
1064 2097 1263 2162 Terentiani

166 2211 367 2287 meminerit,
395 2211 487 2274 cuius
514 2210 613 2275 verba
640 2211 673 2273 iu
702 2208 833 2300 prologi
858 2210 1027 2300 principio
1063 2212 1187 2300 posita:

240 2324 297 2392 Nc
320 2328 376 2389 cui
398 2329 444 2388 sit
471 2339 619 2388 rostrum
645 2328 779 2399 mirum,
807 2349 869 2389 cur
892 2330 1004 2416 partis
1030 2331 1109 2391 serti

242 2439 355 2502 Poeta
381 2436 530 2511 dederit,
549 2460 641 2530 pirae
665 2453 746 2501 sunt
771 2437 1058 2504 adrrlesccntt'um:

243 2551 292 2619 ld
309 2557 457 2643 primum
480 2551 603 2632 dicam,
630 2550 756 2617 deinde
781 2551 874 2645 quod
899 2559 977 2618 veni
1001 2554 1162 2647 eloquar.
1178 2603 1205 2618 ..

170 2667 233 2734 etsi
262 2691 331 2732 uon
367 2685 445 2732 sunt
475 2668 565 2732 omni
604 2692 643 2732 ex
674 2686 771 2758 parte
807 2670 916 2758 paria,
943 2687 1053 2734 tamen
1080 2672 1160 2736 item
1186 2669 1267 2738 illuc

171 2799 336 2874 spectare,
361 2798 398 2847 ut
418 2781 459 2846 ab
473 2777 555 2862 aliis,
581 2806 649 2849 non
677 2784 717 2848 ab
744 2784 922 2863 actoribus,
946 2785 1004 2874 qui
1027 2786 1127 2874 primi
1145 2788 1180 2849 in
1196 2811 1268 2852 sce-

172 2921 248 2962 nam
276 2896 449 2974 venirent,
488 2894 575 2960 soliti
601 2895 726 2963 fuerint
752 2897 960 2987 pronuntiari
992 2893 1134 2989 prologi,
1170 2921 1270 2989 prae-

174 3008 264 3074 clara
291 3006 434 3074 Bentleii
470 3007 696 3101 disputatione
723 3011 800 3073 satis
826 3007 1027 3100 patefactum
1064 3029 1121 3075 est.
1174 3010 1269 3079 lllam

174 3125 277 3214 igitur
300 3122 438 3187 Charini
463 3124 707 3189 excusationem
742 3119 1011 3190 commodissime
1039 3125 1110 3214 ipsa
1136 3128 1270 3194 nomina

176 3261 253 3303 cum
287 3233 407 3302 leonae
441 3253 511 3302 tum
547 3261 686 3330 graecae
719 3233 852 3302 fabulae
887 3261 950 3301 una
979 3262 1054 3302 cum
1077 3240 1269 3307 nominibus

173 3366 353 3443 poetarum
380 3351 561 3440 excipiunt.
613 3354 700 3416 Tum
735 3352 847 3417 brevis
872 3351 909 3415 fit
934 3354 1119 3442 argumenti
1144 3353 1271 3445 signill-

174 3464 277 3529 catio:
314 3459 407 3552 qaod
434 3478 611 3554 antequam
635 3465 771 3528 uberius
799 3465 993 3552 exponitur,
1037 3464 1270 3533 benevolentia
1330 3468 1338 3479 ’“

175 3574 382 3642 audientium
401 3574 601 3665 imploratur
623 3594 655 3644 et
681 3595 716 3642 ut
734 3601 808 3642 cum
830 3576 960 3644 silentio
983 3574 1093 3645 adsint
1111 3598 1269 3647 consueto

173 3713 268 3756 more
293 3691 431 3780 petitur.
454 3689 521 3758 lam
547 3707 701 3782 tanquam
728 3714 815 3769 novo
838 3691 932 3757 initio
959 3664 1090 3784 sumpto
1107 3692 1270 3787 digressio

175 3802 212 3866 iit
241 3799 421 3893 quaedam,
445 3826 531 3893 quae
557 3804 592 3866 in
617 3802 745 3868 daunais
772 3821 806 3869 et
827 3804 1048 3871 incommodis
1073 3807 1194 3872 amoris
1209 3806 1272 3873 de·

177 3913 368 3981 scribendis
393 3938 462 3979 non
488 3917 559 3980 sine
585 3914 787 4009 loquacitate
815 3936 973 3983 versatur.
1012 3921 1153 3987 Prorsus
1182 3923 1272 3988 enim

286 4141 424 4208 vulgatur:
448 4142 515 4209 Quos
532 4141 578 4209 poi
596 4159 641 4209 epo
661 4143 737 4194 credo
755 4144 882 4196 bonanae
900 4146 1080 4210 querimonias.
1109 4145 1204 4196 Vetus:
1223 4145 1273 4198 ltu-

282 4229 368 4280 snms‘a
386 4229 569 4294 seminarias,
587 4226 680 4296 reliqui
699 4231 802 4297 scripti:
824 4231 942 4282 iomanis
960 4231 1132 4296 marinariis.
1171 4229 1201 4283 ln
1221 4248 1273 4302 quo

283 4330 345 4366 aum
365 4312 428 4382 qaid
442 4313 522 4365 lateat
540 4314 708 4378 reconditior,
724 4316 837 4367 viderint
854 4315 907 4367 alii.
921 4345 955 4359 -
972 4314 1049 4366 Nolui
1065 4320 1274 4385 commemorare,

280 4412 392 4468 quonam
409 4398 497 4451 nullus
514 4399 557 4451 bic
573 4415 652 4463 usum
672 4401 718 4452 sed
735 4409 821 4452 tamen
839 4414 977 4469 quantana
991 4403 1024 4452 sit
1037 4402 1193 4469 parcendum
1208 4421 1273 4459 coa.

279 4487 399 4538 iactares
416 4487 443 4538 in
462 4485 513 4538 bac
532 4487 653 4555 prologo,
671 4487 732 4540 talia
751 4496 861 4556 arguam
879 4485 966 4556 qualia
984 4496 1044 4539 sunt
1062 4491 1088 4540 iu
1107 4490 1204 4558 optimo
1225 4507 1274 4544 ca·
1355 4557 1356 4560 Ἴ

282 4569 341 4622 dics
361 4572 456 4623 doecre
473 4561 530 4626 ηἷει
550 4587 597 4639 pro
615 4573 766 4623 decretumst
792 4588 817 4624 r.
839 4577 868 4631 1,
890 4574 1145 4648 miseriasbanorras
1157 4590 1204 4644 pro
1221 4580 1272 4630 mi·

283 4658 368 4710 sarias
385 4669 500 4713 nerem
517 4674 543 4711 r.
565 4660 606 4723 13,
624 4668 712 4711 tacere
733 4660 794 4726 quid
810 4657 882 4712 uelis
898 4658 1027 4726 aeriasque
1048 4674 1101 4714 oon
1126 4659 1207 4716 uelint
1225 4677 1272 4732 pso

284 4745 460 4810 teutiscam
476 4743 633 4811 &duchat
656 4744 717 4812 qaid
733 4760 785 4798 aas
803 4745 884 4802 satiat
905 4758 929 4794 r.
953 4745 993 4799 m.
1046 4743 1077 4774 '⁸
