2820 5332
239 699 312 766 502
455 721 520 764 rur.
546 720 588 764 oe
611 718 757 763 rrrraro
785 713 957 764 seruam
985 705 1108 761 ornum

238 893 381 978 QUlDA
406 943 413 960 .
440 894 463 961 S
489 942 497 959 .
522 941 530 960 .
553 893 775 960 UOMNIUM
799 939 808 957 .
833 891 920 957 ortt
945 939 953 955 .
980 888 1263 957 UMTAE'PERR
1284 889 1325 957 h.

237 1035 282 1076 e.:
312 1008 405 1100 Quid
425 1014 477 1074 cis
503 1025 539 1074 tu
562 1007 618 1095 (an
644 1004 747 1093 tuni')
774 1011 923 1073 omnium
947 1005 1119 1072 hominum
1145 1021 1324 1071 tactem-

236 1151 297 1192 mc.
336 1127 375 1191 ln
400 1125 481 1193 Pall.
505 1143 538 1191 et
564 1124 617 1192 etl.
633 1150 685 1218 pr.
711 1141 761 1190 est
791 1121 943 1213 Quirite
968 1122 1143 1194 laomiattta
1167 1127 1325 1188 contium

237 1257 261 1308 t.
288 1240 366 1326 (nisi
392 1240 485 1334 quod
507 1243 588 1308 Dec.
611 1241 781 1312 bominem
794 1288 803 1319 ‚
830 1227 959 1332 adapr.
984 1234 1141 1323 ἀτενῶς
1164 1239 1198 1304 in
1225 1240 1322 1339 Lipc.

238 1356 331 1446 Quid
355 1373 391 1423 tu
416 1360 565 1422 omnium
590 1356 762 1425 hominum
784 1354 817 1421 d.
843 1354 945 1422 Vides
969 1356 1070 1447 igitur
1096 1353 1194 1420 laomo
1216 1353 1322 1449 vulgo

233 1473 453 1564 praemissum
480 1471 633 1540 codicum
660 1471 728 1538 lide
756 1471 909 1545 destitui:
947 1469 1073 1563 alioqui
1094 1490 1161 1536 non
1186 1472 1322 1539 incom-

232 1587 333 1656 modc
360 1589 501 1655 scribas:
532 1587 626 1678 Quid
649 1581 725 1654 ais?
751 1603 823 1667 tun,
849 1587 948 1652 homo
971 1586 1144 1658 homimem
1168 1581 1323 1661 orontitm

235 1722 257 1773 t.
308 1705 462 1772 Proximo
485 1729 583 1771 versu
610 1721 644 1771 te
669 1704 808 1774 accessit
833 1700 962 1781 apoll„
987 1727 1052 1794 pro
1077 1726 1145 1794 quo
1171 1719 1208 1768 tu
1223 1704 1317 1795 Lips.

234 1818 281 1887 Se
306 1836 487 1885 attentare
512 1817 646 1887 ridetur
668 1812 861 1890 tantundem
879 1840 950 1884 esso
968 1842 1006 1883 ac
1025 1840 1062 1883 sc
1078 1819 1218 1911 instare,
1240 1819 1320 1884 siclt

236 1931 324 1999 breta
349 1935 501 2000 machera.
552 1933 602 2001 Cf.
631 1950 739 1999 tamen
761 1932 879 2000 Bacch.
907 1933 1014 2013 lv,2,
1033 1935 1071 2000 2:
1096 1932 1321 2002 alienoviree

238 2064 314 2115 tuas
339 2066 495 2115 externas
520 2053 617 2116 ostio
669 2085 723 2097 -<
761 2050 826 2116 Vr.
853 2050 899 2121 67
915 2074 991 2140 sqq.
1029 2048 1064 2113 in
1093 2048 1321 2115 Ambrosiano

233 2188 373 2255 prorsus
403 2164 559 2232 evanidos
593 2166 658 2231 iam
691 2165 855 2258 attigimus
892 2189 964 2256 caru
991 2164 1033 2242 ll,
1065 2162 1094 2248 §a
1121 2167 1154 2235 3.
1210 2163 1323 2230 Nimis

237 2280 352 2372 inepta
378 2298 454 2346 eunt
478 2306 562 2373 qnae
586 2305 604 2345 e
627 2278 801 2348 codicibus
826 2278 979 2372 profecta
1004 2278 1186 2370 vulgantur,
1213 2303 1320 2370 quam

235 2397 355 2487 quibus
395 2393 584 2489 singillatim
623 2394 824 2488 exagitandis
863 2420 998 2488 operam
1033 2393 1185 2485 perdam,
1243 2393 1327 2462 Neo

236 2510 295 2578 lras
324 2510 463 2604 quidem
497 2510 630 2579 lacunas
664 2510 847 2605 supplendi
880 2536 984 2602 opera
1017 2509 1107 2580 Iulia
1143 2510 1320 2588 successit,

238 2629 296 2719 qul
323 2614 499 2694 racuorurn
523 2629 706 2720 spatiorum
731 2627 910 2694 intervallis
924 2627 1084 2720 neglectis
1109 2653 1137 2694 v.
1152 2623 1199 2696 68
1224 2625 1326 2719 qnod

204 2780 214 2801 ·
238 2767 303 2834 pro
328 2767 393 2833 qno
419 2760 621 2836 posuerunt,
664 2742 747 2808 nihil
786 2761 924 2833 egerunt
955 2769 985 2813 r.
1012 2741 1070 2826 69,
1095 2771 1125 2813 v.
1152 2751 1199 2818 70
1228 2748 1328 2838 Quoi·

239 2861 275 2924 in
300 2860 392 2948 Quin
417 2875 540 2926 mutato
561 2863 675 2950 potius
696 2858 782 2923 dare
806 2860 1025 2927 inseruerunt.
1045 2894 1087 2908 -
1115 2861 1212 2932 V.63
1236 2863 1322 2931 dua-

239 3000 313 3042 rum
336 2972 518 3041 lectionum
545 2978 636 3066 optio
664 2973 739 3041 (loto
764 2993 832 3041 cst:
858 2974 923 3040 lloc
949 2973 1051 3041 vorbo-
1070 2981 1174 3070 eripis
1200 2996 1233 3046 et
1253 2980 1324 3048 toa

242 3088 377 3156 verbum
402 3094 512 3180 eripit.
563 3088 652 3157 lllud
686 3115 761 3156 cum
789 3090 1001 3157 Ambrosiani
1034 3095 1227 3162 auctoritate
1261 3095 1324 3163 de-

241 3203 335 3270 fendi
361 3203 520 3286 videatur,
543 3223 578 3271 ut
601 3208 636 3271 in
662 3231 730 3298 quo
756 3223 939 3297 appareant
964 3207 1018 3272 ER
1042 3256 1103 3274 ...
1131 3209 1158 3277 S>
1179 3208 1324 3292 litterae,

241 3318 385 3387 altorum
410 3339 520 3388 tamen
546 3322 640 3399 ratio,
668 3323 695 3387 si
721 3321 805 3414 quid
829 3320 936 3403 video,
964 3323 1086 3389 evincit
1103 3349 1217 3391 rorum
1240 3351 1328 3409 esse,

244 3433 464 3527 ducimurque
488 3461 527 3502 eo
553 3437 777 3503 Palatinarum
802 3439 970 3530 vestigiis,
1005 3463 1146 3531 quorum
1178 3441 1214 3505 in
1239 3443 1323 3510 Dec.

244 3568 294 3615 ost
316 3550 380 3615 ltoc
406 3550 506 3616 verbo
529 3557 641 3642 cripit,
668 3552 760 3646 quod
783 3555 904 3621 mirere
930 3552 1051 3622 Botlrio
1077 3553 1265 3647 placuisse,
1291 3533 1345 3625 io

245 3666 319 3732 Vct.
345 3665 409 3732 icoc
435 3665 536 3734 verbo
560 3671 697 3760 eripite,
732 3667 794 3734 sed
829 3686 865 3734 ut
887 3688 1069 3737 extremum
1094 3695 1119 3739 e
1139 3673 1221 3740 site
1249 3696 1330 3739 cor,

243 3799 388 3847 rectura.
412 3815 458 3830 -·
491 3783 618 3848 Versus
645 3784 709 3860 73,
737 3806 778 3850 eo
803 3808 872 3875 quo
895 3806 984 3851 nnnc
1011 3802 1062 3851 est
1085 3783 1164 3852 loco
1187 3809 1250 3853 nec
1270 3787 1329 3856 ΡΞ·-

246 3896 326 3962 stori
353 3921 415 3963 nec
438 3897 557 3963 Bothio
583 3896 766 3965 tolerabilis
784 3900 879 3978 viscus,
903 3917 1058 3992 potuerat
1071 3899 1208 3993 quidem
1232 3902 1333 3970 etiam

247 4026 324 4076 ante
350 4037 378 4078 v.
407 4015 451 4082 77
478 4011 566 4077 salva
588 4014 748 4079 sententia
776 4013 948 4083 collocari:
975 4034 1181 4109 postponere
1204 4017 1334 4084 iccirco

150 4140 154 4152 ’
246 4121 365 4203 malui,
391 4141 520 4192 utnon
546 4125 757 4195 mediocrem
783 4121 1039 4199 constructionis
1062 4127 1219 4198 duritiem
1242 4129 1332 4199 leni-

246 4262 328 4316 rem,
355 4266 420 4331 qua
446 4267 464 4306 a
491 4243 585 4309 tertia
609 4242 650 4308 acl
677 4242 814 4311 alteram
842 4270 1021 4335 personam
1046 4269 1155 4338 nequo
1180 4247 1332 4337 particu-

247 4349 300 4421 lae
324 4354 455 4423 vineulo
482 4359 688 4425 transiretur:
716 4364 949 4437 ncscit-,
982 4384 1092 4454 nequa
1117 4377 1158 4429 tc
1181 4366 1335 4432 taetrio-

248 4489 322 4535 t'cm
345 4469 422 4536 vidi.
452 4474 581 4555 Quanto
609 4476 699 4544 enim
721 4477 916 4545 concinnius
936 4477 1119 4545 haecinter
1138 4494 1334 4544 recocunt:

250 4596 287 4650 tu
309 4584 401 4650 solus
428 4621 473 4636 -
495 4585 610 4664 datas,
638 4613 746 4681 neque
769 4607 803 4657 tc
829 4597 1025 4661 taetriorem
1051 4592 1201 4659 adtc-
1228 4592 1271 4660 V.
1287 4594 1335 4665 78

251 4714 423 4773 veterator·
460 4727 615 4804 acque-e
661 4709 916 4805 corruptissimis
947 4711 1092 4805 uestigiis
1125 4710 1342 4779 Camerarius
