<?xml version="1.0" encoding="UTF-8"?>
<!DOCTYPE html PUBLIC "-//W3C//DTD XHTML 1.0 Transitional//EN"
    "http://www.w3.org/TR/xhtml1/DTD/xhtml1-transitional.dtd">
<html xmlns="http://www.w3.org/1999/xhtml" xml:lang="en" lang="en">
 <head>
  <title>
</title>
<meta http-equiv="Content-Type" content="text/html;charset=utf-8" />
  <meta name='ocr-system' content='tesseract 3.04.00' />
  <meta name='ocr-capabilities' content='ocr_page ocr_carea ocr_par ocr_line ocrx_word'/>
</head>
<body>
  <div class='ocr_page' id='page_1' title='image "./parergonplautin01ritsgoog_0063.png"; bbox 0 0 2820 5332; ppageno 0'>
   <div class='ocr_carea' id='block_1_1' title="bbox 175 690 1017 771">
    <p class='ocr_par' dir='ltr' id='par_1_1' title="bbox 175 690 1017 771">
     <span class='ocr_line' id='line_1_1' title="bbox 175 690 1017 771; baseline 0.005 -8"><span class='ocrx_word' id='word_1_1' title='bbox 175 690 221 763; x_wconf 75' lang='lat'><em>24</em></span> <span class='ocrx_word' id='word_1_2' title='bbox 405 718 427 761; x_wconf 83' lang='grc' dir='ltr'><em>ι.</em></span> <span class='ocrx_word' id='word_1_3' title='bbox 453 720 496 771; x_wconf 70' lang='lat' dir='ltr'><em>us</em></span> <span class='ocrx_word' id='word_1_4' title='bbox 523 720 640 769; x_wconf 76' lang='lat' dir='ltr'><em>rutvrt</em></span> <span class='ocrx_word' id='word_1_5' title='bbox 671 718 799 771; x_wconf 76' lang='lat' dir='ltr'><em>roortu</em></span> <span class='ocrx_word' id='word_1_6' title='bbox 824 722 1017 767; x_wconf 72' lang='lat' dir='ltr'><em>nonmtsvu</em></span> 
     </span>
    </p>
   </div>
   <div class='ocr_carea' id='block_1_2' title="bbox 670 893 758 979">
    <p class='ocr_par' dir='ltr' id='par_1_2' title="bbox 670 893 758 979">
     <span class='ocr_line' id='line_1_2' title="bbox 670 893 758 979; baseline -0.023 -16"><span class='ocrx_word' id='word_1_7' title='bbox 670 893 701 979; x_wconf 82' lang='lat' dir='ltr'><em>s.</em></span> <span class='ocrx_word' id='word_1_8' title='bbox 725 897 758 963; x_wconf 82' lang='lat' dir='ltr'><em>s.</em></span> 
     </span>
    </p>
   </div>
   <div class='ocr_carea' id='block_1_3' title="bbox 164 1007 1265 1785">
    <p class='ocr_par' dir='ltr' id='par_1_3' title="bbox 164 1007 1265 1785">
     <span class='ocr_line' id='line_1_3' title="bbox 269 1007 1265 1098; baseline 0.004 -23"><span class='ocrx_word' id='word_1_9' title='bbox 269 1007 428 1075; x_wconf 87' lang='lat' dir='ltr'><em>Nomium</em></span> <span class='ocrx_word' id='word_1_10' title='bbox 459 1009 630 1098; x_wconf 83' lang='lat' dir='ltr'><em>permensi</em></span> <span class='ocrx_word' id='word_1_11' title='bbox 660 1032 790 1073; x_wconf 83' lang='lat' dir='ltr'><em>eramus</em></span> <span class='ocrx_word' id='word_1_12' title='bbox 823 1008 1088 1077; x_wconf 73' lang='lat' dir='ltr'><strong>testimoniorum</strong></span> <span class='ocrx_word' id='word_1_13' title='bbox 1114 1010 1265 1079; x_wconf 82' lang='lat' dir='ltr'><em>multitu·</em></span> 
     </span>
     <span class='ocr_line' id='line_1_4' title="bbox 170 1122 1262 1218; baseline 0.005 -30"><span class='ocrx_word' id='word_1_14' title='bbox 170 1122 301 1208; x_wconf 82' lang='lat' dir='ltr'><em>diuem3</em></span> <span class='ocrx_word' id='word_1_15' title='bbox 327 1124 471 1197; x_wconf 64' lang='lat' dir='ltr'><em>restabat</em></span> <span class='ocrx_word' id='word_1_16' title='bbox 495 1124 584 1198; x_wconf 78' lang='lat' dir='ltr'><em>onim</em></span> <span class='ocrx_word' id='word_1_17' title='bbox 610 1123 819 1190; x_wconf 78' lang='lat' dir='ltr'><em>Varronis</em></span> <span class='ocrx_word' id='word_1_18' title='bbox 845 1125 1021 1191; x_wconf 69' lang='lat' dir='ltr'><em>auotoritas</em></span> <span class='ocrx_word' id='word_1_19' title='bbox 1049 1149 1158 1218; x_wconf 82' lang='lat' dir='ltr'><em>oeque</em></span> <span class='ocrx_word' id='word_1_20' title='bbox 1177 1126 1262 1197; x_wconf 78' lang='lat' dir='ltr'><em>odeo</em></span> 
     </span>
     <span class='ocr_line' id='line_1_5' title="bbox 169 1226 1262 1334; baseline 0.002 -29"><span class='ocrx_word' id='word_1_21' title='bbox 169 1240 309 1331; x_wconf 79' lang='lat' dir='ltr'><em>gemino.</em></span> <span class='ocrx_word' id='word_1_22' title='bbox 360 1226 464 1305; x_wconf 91' lang='lat' dir='ltr'><em>Libro</em></span> <span class='ocrx_word' id='word_1_23' title='bbox 492 1239 580 1305; x_wconf 88' lang='lat' dir='ltr'><em>euim</em></span> <span class='ocrx_word' id='word_1_24' title='bbox 606 1238 687 1305; x_wconf 89' lang='lat' dir='ltr'>Vlll</span> <span class='ocrx_word' id='word_1_25' title='bbox 732 1235 775 1303; x_wconf 85' lang='lat' dir='ltr'><em>de</em></span> <span class='ocrx_word' id='word_1_26' title='bbox 805 1237 827 1303; x_wconf 88' lang='lat' dir='ltr'><em>i.</em></span> <span class='ocrx_word' id='word_1_27' title='bbox 863 1237 920 1306; x_wconf 85' lang='lat' dir='ltr'><em>lut.</em></span> <span class='ocrx_word' id='word_1_28' title='bbox 952 1239 982 1324; x_wconf 55' lang='lat' dir='ltr'><em>§t</em></span> <span class='ocrx_word' id='word_1_29' title='bbox 1008 1239 1057 1310; x_wconf 79' lang='grc'><em>36</em></span> <span class='ocrx_word' id='word_1_30' title='bbox 1081 1239 1200 1307; x_wconf 76' lang='lat' dir='ltr'><em>Mucii.</em></span> <span class='ocrx_word' id='word_1_31' title='bbox 1227 1267 1262 1334; x_wconf 70' lang='lat' dir='ltr'><em>P«</em></span> 
     </span>
     <span class='ocr_line' id='line_1_6' title="bbox 168 1349 1262 1445; baseline -0.004 -20"><span class='ocrx_word' id='word_1_32' title='bbox 168 1351 240 1425; x_wconf 69' lang='lat'><em>419</em></span> <span class='ocrx_word' id='word_1_33' title='bbox 269 1355 394 1445; x_wconf 77' lang='lat' dir='ltr'><em>Speug.</em></span> <span class='ocrx_word' id='word_1_34' title='bbox 419 1354 504 1423; x_wconf 81' lang='lat' dir='ltr'><em>haec</em></span> <span class='ocrx_word' id='word_1_35' title='bbox 531 1352 588 1421; x_wconf 83' lang='lat' dir='ltr'><em>ille</em></span> <span class='ocrx_word' id='word_1_36' title='bbox 614 1350 744 1421; x_wconf 82' lang='lat' dir='ltr'><em>docuit:</em></span> <span class='ocrx_word' id='word_1_37' title='bbox 791 1349 919 1421; x_wconf 78' lang='lat' dir='ltr'><em>Ouinia</em></span> <span class='ocrx_word' id='word_1_38' title='bbox 940 1358 1028 1442; x_wconf 82' lang='lat' dir='ltr'><em>sere</em></span> <span class='ocrx_word' id='word_1_39' title='bbox 1049 1373 1173 1423; x_wconf 80' lang='lat' dir='ltr'><em>nostra</em></span> <span class='ocrx_word' id='word_1_40' title='bbox 1197 1379 1262 1421; x_wconf 74' lang='lat' dir='ltr'><em>no·</em></span> 
     </span>
     <span class='ocr_line' id='line_1_7' title="bbox 168 1465 1259 1561; baseline 0.003 -26"><span class='ocrx_word' id='word_1_41' title='bbox 168 1475 262 1535; x_wconf 85' lang='lat' dir='ltr'><em>mina</em></span> <span class='ocrx_word' id='word_1_42' title='bbox 289 1469 400 1535; x_wconf 82' lang='lat' dir='ltr'><em>virilia</em></span> <span class='ocrx_word' id='word_1_43' title='bbox 426 1487 460 1538; x_wconf 87' lang='lat' dir='ltr'><em>et</em></span> <span class='ocrx_word' id='word_1_44' title='bbox 486 1465 664 1538; x_wconf 66' lang='lat' dir='ltr'><em>muliebria</em></span> <span class='ocrx_word' id='word_1_45' title='bbox 688 1469 925 1548; x_wconf 74' lang='lat' dir='ltr'><em>multitudinis,</em></span> <span class='ocrx_word' id='word_1_46' title='bbox 952 1493 1053 1561; x_wconf 74' lang='lat' dir='ltr'><em>quom</em></span> <span class='ocrx_word' id='word_1_47' title='bbox 1069 1487 1165 1537; x_wconf 80' lang='lat' dir='ltr'><em>recto</em></span> <span class='ocrx_word' id='word_1_48' title='bbox 1176 1495 1259 1539; x_wconf 80' lang='lat' dir='ltr'><em>oosn</em></span> 
     </span>
     <span class='ocr_line' id='line_1_8' title="bbox 164 1581 1260 1668; baseline -0.002 -16"><span class='ocrx_word' id='word_1_49' title='bbox 164 1585 269 1668; x_wconf 81' lang='lat' dir='ltr'><em>fiunt,</em></span> <span class='ocrx_word' id='word_1_50' title='bbox 300 1584 492 1660; x_wconf 77' lang='lat' dir='ltr'><em>dissimilia,</em></span> <span class='ocrx_word' id='word_1_51' title='bbox 516 1608 589 1650; x_wconf 81' lang='lat' dir='ltr'><em>enm</em></span> <span class='ocrx_word' id='word_1_52' title='bbox 614 1582 734 1660; x_wconf 82' lang='lat' dir='ltr'><em>dandi,</em></span> <span class='ocrx_word' id='word_1_53' title='bbox 752 1581 893 1651; x_wconf 74' lang='lat' dir='ltr'><em>eodem:</em></span> <span class='ocrx_word' id='word_1_54' title='bbox 917 1582 1110 1659; x_wconf 70' lang='lat' dir='ltr'><em>dissimilia,</em></span> <span class='ocrx_word' id='word_1_55' title='bbox 1135 1602 1172 1653; x_wconf 86' lang='lat' dir='ltr'><em>nt</em></span> <span class='ocrx_word' id='word_1_56' title='bbox 1187 1610 1260 1650; x_wconf 79' lang='lat' dir='ltr'><em>ma·</em></span> 
     </span>
     <span class='ocr_line' id='line_1_9' title="bbox 166 1698 1262 1785; baseline 0.003 -22"><span class='ocrx_word' id='word_1_57' title='bbox 166 1722 222 1764; x_wconf 86' lang='lat' dir='ltr'><em>res</em></span> <span class='ocrx_word' id='word_1_58' title='bbox 250 1702 451 1773; x_wconf 80' lang='lat' dir='ltr'><em>Terentiei,</em></span> <span class='ocrx_word' id='word_1_59' title='bbox 483 1702 648 1785; x_wconf 78' lang='lat' dir='ltr'><em>feminae</em></span> <span class='ocrx_word' id='word_1_60' title='bbox 683 1700 889 1781; x_wconf 61' lang='lat' dir='ltr'><em>Terentiam</em></span> <span class='ocrx_word' id='word_1_61' title='bbox 922 1698 1042 1765; x_wconf 80' lang='lat' dir='ltr'><em>eadem</em></span> <span class='ocrx_word' id='word_1_62' title='bbox 1074 1702 1111 1765; x_wconf 81' lang='lat' dir='ltr'><em>in</em></span> <span class='ocrx_word' id='word_1_63' title='bbox 1136 1698 1262 1775; x_wconf 74' lang='lat' dir='ltr'><em>dandi,</em></span> 
     </span>
    </p>
   </div>
   <div class='ocr_carea' id='block_1_4' title="bbox 79 1813 1261 1883">
    <p class='ocr_par' dir='ltr' id='par_1_4' title="bbox 79 1813 1261 1883">
     <span class='ocr_line' id='line_1_10' title="bbox 79 1813 1261 1883; baseline 0.002 -4"><span class='ocrx_word' id='word_1_64' title='bbox 79 1820 88 1827; x_wconf 83' lang='lat'><em>&#39;</em></span> <span class='ocrx_word' id='word_1_65' title='bbox 147 1819 247 1881; x_wconf 56' lang='lat' dir='ltr'><em>,viris</em></span> <span class='ocrx_word' id='word_1_66' title='bbox 273 1816 467 1883; x_wconf 68' lang='lat' dir='ltr'><em>Terentieis</em></span> <span class='ocrx_word' id='word_1_67' title='bbox 492 1831 527 1881; x_wconf 87' lang='lat' dir='ltr'><em>et</em></span> <span class='ocrx_word' id='word_1_68' title='bbox 552 1813 747 1881; x_wconf 79' lang='lat' dir='ltr'><em>mulieribus</em></span> <span class='ocrx_word' id='word_1_69' title='bbox 769 1814 972 1883; x_wconf 71' lang='lat' dir='ltr'><em>Terentieis.</em></span> <span class='ocrx_word' id='word_1_70' title='bbox 1023 1815 1261 1883; x_wconf 75' lang='lat' dir='ltr'><em>Dissimile</em></span> 
     </span>
    </p>
   </div>
   <div class='ocr_carea' id='block_1_5' title="bbox 79 1925 1262 4669">
    <p class='ocr_par' dir='ltr' id='par_1_5' title="bbox 79 1925 1262 4669">
     <span class='ocr_line' id='line_1_11' title="bbox 165 1925 1259 2010; baseline -0.001 -14"><span class='ocrx_word' id='word_1_71' title='bbox 165 1925 359 2003; x_wconf 81' lang='lat' dir='ltr'><em>Plantns</em></span> <span class='ocrx_word' id='word_1_72' title='bbox 397 1945 436 1994; x_wconf 82' lang='lat' dir='ltr'><em>et</em></span> <span class='ocrx_word' id='word_1_73' title='bbox 471 1930 703 2006; x_wconf 82' lang='lat' dir='ltr'><em>Plautios,</em></span> <span class='ocrx_word' id='word_1_74' title='bbox 738 1943 782 1993; x_wconf 86' lang='lat' dir='ltr'><em>et</em></span> <span class='ocrx_word' id='word_1_75' title='bbox 816 1932 1064 1997; x_wconf 76' lang='lat' dir='ltr'><em>communio</em></span> <span class='ocrx_word' id='word_1_76' title='bbox 1101 1929 1259 2010; x_wconf 75' lang='lat' dir='ltr'><em>tutus,</em></span> 
     </span>
     <span class='ocr_line' id='line_1_12' title="bbox 162 2040 1262 2134; baseline -0.002 -23"><span class='ocrx_word' id='word_1_77' title='bbox 162 2040 323 2113; x_wconf 74' lang='lat' dir='ltr'><em>Plauti</em></span> <span class='ocrx_word' id='word_1_78' title='bbox 348 2040 576 2115; x_wconf 78' lang='lat' dir='ltr'><em>etMaroi</em></span> <span class='ocrx_word' id='word_1_79' title='bbox 597 2043 766 2109; x_wconf 78' lang='lat' dir='ltr'><em>Plauti.</em></span> <span class='ocrx_word' id='word_1_80' title='bbox 794 2041 843 2107; x_wconf 79' lang='lat' dir='ltr'><em>lta</em></span> <span class='ocrx_word' id='word_1_81' title='bbox 870 2043 961 2113; x_wconf 84' lang='lat' dir='ltr'><em>enim</em></span> <span class='ocrx_word' id='word_1_82' title='bbox 989 2043 1262 2134; x_wconf 63' lang='lat' dir='ltr'><em>exnemuSptun</em></span> 
     </span>
     <span class='ocr_line' id='line_1_13' title="bbox 163 2154 1261 2248; baseline 0.003 -26"><span class='ocrx_word' id='word_1_83' title='bbox 163 2155 268 2248; x_wconf 83' lang='lat' dir='ltr'><em>gelius</em></span> <span class='ocrx_word' id='word_1_84' title='bbox 295 2181 355 2223; x_wconf 84' lang='lat' dir='ltr'><em>sno</em></span> <span class='ocrx_word' id='word_1_85' title='bbox 381 2154 459 2227; x_wconf 83' lang='lat' dir='ltr'><em>loco</em></span> <span class='ocrx_word' id='word_1_86' title='bbox 486 2155 602 2235; x_wconf 80' lang='lat' dir='ltr'><em>edidit,</em></span> <span class='ocrx_word' id='word_1_87' title='bbox 627 2157 661 2223; x_wconf 91' lang='lat' dir='ltr'><em>in</em></span> <span class='ocrx_word' id='word_1_88' title='bbox 687 2180 725 2221; x_wconf 85' lang='lat' dir='ltr'><em>eu</em></span> <span class='ocrx_word' id='word_1_89' title='bbox 751 2173 861 2221; x_wconf 78' lang='lat' dir='ltr'><em>sutem</em></span> <span class='ocrx_word' id='word_1_90' title='bbox 887 2154 1132 2247; x_wconf 65' lang='lat' dir='ltr'><em>disputatione,</em></span> <span class='ocrx_word' id='word_1_91' title='bbox 1158 2181 1261 2248; x_wconf 78' lang='lat' dir='ltr'><em>quum</em></span> 
     </span>
     <span class='ocr_line' id='line_1_14' title="bbox 163 2268 1258 2364; baseline -0.004 -23"><span class='ocrx_word' id='word_1_92' title='bbox 163 2271 206 2341; x_wconf 83' lang='lat' dir='ltr'><em>do</em></span> <span class='ocrx_word' id='word_1_93' title='bbox 231 2275 457 2364; x_wconf 81' lang='lat' dir='ltr'><em>genitivorum</em></span> <span class='ocrx_word' id='word_1_94' title='bbox 477 2272 513 2337; x_wconf 90' lang='lat' dir='ltr'><em>in</em></span> <span class='ocrx_word' id='word_1_95' title='bbox 539 2275 566 2337; x_wconf 86' lang='lat' dir='ltr'><em>ii</em></span> <span class='ocrx_word' id='word_1_96' title='bbox 589 2271 820 2339; x_wconf 74' lang='lat' dir='ltr'><em>terminatione</em></span> <span class='ocrx_word' id='word_1_97' title='bbox 845 2272 1031 2360; x_wconf 80' lang='lat' dir='ltr'><em>pertexuit,</em></span> <span class='ocrx_word' id='word_1_98' title='bbox 1070 2268 1258 2337; x_wconf 80' lang='lat' dir='ltr'><em>seeundum</em></span> 
     </span>
     <span class='ocr_line' id='line_1_15' title="bbox 160 2383 1257 2479; baseline -0.003 -27"><span class='ocrx_word' id='word_1_99' title='bbox 160 2390 295 2479; x_wconf 88' lang='lat' dir='ltr'><em>priores</em></span> <span class='ocrx_word' id='word_1_100' title='bbox 324 2384 472 2454; x_wconf 79' lang='lat' dir='ltr'><em>editores</em></span> <span class='ocrx_word' id='word_1_101' title='bbox 498 2387 548 2453; x_wconf 84' lang='lat' dir='ltr'><em>sio</em></span> <span class='ocrx_word' id='word_1_102' title='bbox 572 2383 713 2477; x_wconf 82' lang='lat' dir='ltr'><em>protulit</em></span> <span class='ocrx_word' id='word_1_103' title='bbox 738 2411 772 2478; x_wconf 90' lang='lat' dir='ltr'><em>p.</em></span> <span class='ocrx_word' id='word_1_104' title='bbox 799 2385 839 2454; x_wconf 86' lang='lat'><em>9:</em></span> <span class='ocrx_word' id='word_1_105' title='bbox 866 2385 1043 2457; x_wconf 82' lang='lat' dir='ltr'><em>Dissimile</em></span> <span class='ocrx_word' id='word_1_106' title='bbox 1056 2385 1200 2451; x_wconf 80' lang='lat' dir='ltr'><em>Plautus</em></span> <span class='ocrx_word' id='word_1_107' title='bbox 1221 2400 1257 2454; x_wconf 86' lang='lat' dir='ltr'><em>ut</em></span> 
     </span>
     <span class='ocr_line' id='line_1_16' title="bbox 159 2496 1260 2581; baseline -0.006 -8"><span class='ocrx_word' id='word_1_108' title='bbox 159 2500 332 2579; x_wconf 79' lang='lat' dir='ltr'><em>Plautius,</em></span> <span class='ocrx_word' id='word_1_109' title='bbox 354 2519 388 2570; x_wconf 88' lang='lat' dir='ltr'><em>et</em></span> <span class='ocrx_word' id='word_1_110' title='bbox 415 2526 589 2568; x_wconf 79' lang='lat' dir='ltr'><em>cornmnne</em></span> <span class='ocrx_word' id='word_1_111' title='bbox 604 2518 641 2572; x_wconf 81' lang='lat' dir='ltr'><em>ut</em></span> <span class='ocrx_word' id='word_1_112' title='bbox 651 2501 759 2581; x_wconf 68' lang='lat' dir='ltr'><em>initis,</em></span> <span class='ocrx_word' id='word_1_113' title='bbox 773 2496 913 2573; x_wconf 79' lang='lat' dir='ltr'><em>Plauti:</em></span> <span class='ocrx_word' id='word_1_114' title='bbox 940 2517 974 2567; x_wconf 88' lang='lat' dir='ltr'><em>et</em></span> <span class='ocrx_word' id='word_1_115' title='bbox 987 2499 1114 2579; x_wconf 68' lang='lat' dir='ltr'><em>Matri,</em></span> <span class='ocrx_word' id='word_1_116' title='bbox 1127 2496 1260 2573; x_wconf 75' lang='lat' dir='ltr'><em>Plauti.</em></span> 
     </span>
     <span class='ocr_line' id='line_1_17' title="bbox 161 2615 1258 2709; baseline -0.003 -25"><span class='ocrx_word' id='word_1_117' title='bbox 161 2623 312 2702; x_wconf 85' lang='lat' dir='ltr'><em>Quorum</em></span> <span class='ocrx_word' id='word_1_118' title='bbox 338 2637 495 2687; x_wconf 85' lang='lat' dir='ltr'><em>neutrum</em></span> <span class='ocrx_word' id='word_1_119' title='bbox 521 2635 634 2709; x_wconf 82' lang='lat' dir='ltr'><em>potest</em></span> <span class='ocrx_word' id='word_1_120' title='bbox 660 2616 810 2708; x_wconf 80' lang='lat' dir='ltr'><em>intelligi.</em></span> <span class='ocrx_word' id='word_1_121' title='bbox 838 2619 954 2708; x_wconf 87' lang='lat' dir='ltr'><em>ltaque</em></span> <span class='ocrx_word' id='word_1_122' title='bbox 967 2615 1153 2683; x_wconf 78' lang='lat' dir='ltr'><em>Muellerus</em></span> <span class='ocrx_word' id='word_1_123' title='bbox 1180 2642 1199 2681; x_wconf 76' lang='lat' dir='ltr'><em>o</em></span> <span class='ocrx_word' id='word_1_124' title='bbox 1219 2640 1258 2682; x_wconf 88' lang='lat' dir='ltr'><em>so</em></span> 
     </span>
     <span class='ocr_line' id='line_1_18' title="bbox 138 2729 1258 2821; baseline -0.003 -23"><span class='ocrx_word' id='word_1_125' title='bbox 138 2733 319 2801; x_wconf 82' lang='lat' dir='ltr'><em>&#39;videlieet</em></span> <span class='ocrx_word' id='word_1_126' title='bbox 357 2732 565 2799; x_wconf 78' lang='lat' dir='ltr'><em>emendatum</em></span> <span class='ocrx_word' id='word_1_127' title='bbox 620 2734 818 2821; x_wconf 78' lang='lat' dir='ltr'><em>scripturum</em></span> <span class='ocrx_word' id='word_1_128' title='bbox 865 2733 951 2799; x_wconf 76' lang='lat' dir='ltr'><em>heim</em></span> <span class='ocrx_word' id='word_1_129' title='bbox 996 2729 1258 2797; x_wconf 71' lang='lat' dir='ltr'><em>commendarim</em></span> 
     </span>
     <span class='ocr_line' id='line_1_19' title="bbox 159 2841 1261 2921; baseline -0.003 -4"><span class='ocrx_word' id='word_1_130' title='bbox 159 2849 332 2920; x_wconf 72' lang='lat' dir='ltr'><em>Dissimile</em></span> <span class='ocrx_word' id='word_1_131' title='bbox 357 2846 503 2916; x_wconf 75' lang='lat' dir='ltr'><em>Plautus</em></span> <span class='ocrx_word' id='word_1_132' title='bbox 530 2863 564 2913; x_wconf 86' lang='lat' dir='ltr'><em>et</em></span> <span class='ocrx_word' id='word_1_133' title='bbox 589 2843 762 2921; x_wconf 72' lang='lat' dir='ltr'><em>Plautios,</em></span> <span class='ocrx_word' id='word_1_134' title='bbox 785 2862 822 2915; x_wconf 87' lang='lat' dir='ltr'><em>et</em></span> <span class='ocrx_word' id='word_1_135' title='bbox 846 2870 1023 2914; x_wconf 82' lang='lat' dir='ltr'><em>contmtme</em></span> <span class='ocrx_word' id='word_1_136' title='bbox 1037 2848 1125 2915; x_wconf 81' lang='lat' dir='ltr'><em>Luci</em></span> <span class='ocrx_word' id='word_1_137' title='bbox 1138 2841 1261 2914; x_wconf 72' lang='lat' dir='ltr'><em>Plauti.</em></span> 
     </span>
     <span class='ocr_line' id='line_1_20' title="bbox 160 2959 1258 3054; baseline 0 -26"><span class='ocrx_word' id='word_1_138' title='bbox 160 2982 194 3028; x_wconf 85' lang='lat' dir='ltr'><em>et</em></span> <span class='ocrx_word' id='word_1_139' title='bbox 221 2965 339 3029; x_wconf 80' lang='lat' dir='ltr'><em>Marci</em></span> <span class='ocrx_word' id='word_1_140' title='bbox 357 2959 496 3033; x_wconf 76' lang='lat' dir='ltr'><em>Plauti:</em></span> <span class='ocrx_word' id='word_1_141' title='bbox 523 2987 589 3054; x_wconf 81' lang='lat' dir='ltr'><em>qua</em></span> <span class='ocrx_word' id='word_1_142' title='bbox 616 2959 756 3054; x_wconf 85' lang='lat' dir='ltr'><em>quidem</em></span> <span class='ocrx_word' id='word_1_143' title='bbox 783 2959 872 3027; x_wconf 80' lang='lat' dir='ltr'><em>adeo</em></span> <span class='ocrx_word' id='word_1_144' title='bbox 899 2961 1043 3027; x_wconf 84' lang='lat' dir='ltr'><em>confisus</em></span> <span class='ocrx_word' id='word_1_145' title='bbox 1068 2976 1128 3040; x_wconf 82' lang='lat' dir='ltr'><em>est,</em></span> <span class='ocrx_word' id='word_1_146' title='bbox 1161 2979 1197 3025; x_wconf 91' lang='lat' dir='ltr'><em>ut</em></span> <span class='ocrx_word' id='word_1_147' title='bbox 1221 2960 1258 3028; x_wconf 85' lang='lat' dir='ltr'><em>in</em></span> 
     </span>
     <span class='ocr_line' id='line_1_21' title="bbox 160 3073 1257 3166; baseline -0.003 -24"><span class='ocrx_word' id='word_1_148' title='bbox 160 3078 411 3145; x_wconf 71' lang='lat' dir='ltr'><em>continuitatem</em></span> <span class='ocrx_word' id='word_1_149' title='bbox 433 3077 614 3141; x_wconf 87' lang='lat' dir='ltr'><em>verborum</em></span> <span class='ocrx_word' id='word_1_150' title='bbox 630 3078 788 3166; x_wconf 86' lang='lat' dir='ltr'><em>recipere</em></span> <span class='ocrx_word' id='word_1_151' title='bbox 807 3100 876 3142; x_wconf 86' lang='lat' dir='ltr'><em>non</em></span> <span class='ocrx_word' id='word_1_152' title='bbox 897 3075 1075 3149; x_wconf 73' lang='lat' dir='ltr'><em>dubitaret.</em></span> <span class='ocrx_word' id='word_1_153' title='bbox 1105 3076 1143 3140; x_wconf 79' lang='lat' dir='ltr'><em>L.</em></span> <span class='ocrx_word' id='word_1_154' title='bbox 1156 3073 1257 3141; x_wconf 76' lang='lat' dir='ltr'><em>Plan-</em></span> 
     </span>
     <span class='ocr_line' id='line_1_22' title="bbox 158 3189 1257 3282; baseline -0.002 -25"><span class='ocrx_word' id='word_1_155' title='bbox 158 3195 240 3260; x_wconf 89' lang='lat' dir='ltr'><em>tium</em></span> <span class='ocrx_word' id='word_1_156' title='bbox 262 3190 331 3262; x_wconf 86' lang='lat' dir='ltr'><em>dici</em></span> <span class='ocrx_word' id='word_1_157' title='bbox 356 3191 531 3258; x_wconf 83' lang='lat' dir='ltr'><em>rhetorem</em></span> <span class='ocrx_word' id='word_1_158' title='bbox 556 3190 652 3259; x_wconf 87' lang='lat' dir='ltr'><em>ilium</em></span> <span class='ocrx_word' id='word_1_159' title='bbox 680 3190 1024 3282; x_wconf 84' lang='lat' dir='ltr'><em>cognomineGulium</em></span> <span class='ocrx_word' id='word_1_160' title='bbox 1048 3190 1195 3282; x_wconf 79' lang='lat' dir='ltr'><em>putebat,</em></span> <span class='ocrx_word' id='word_1_161' title='bbox 1210 3189 1257 3256; x_wconf 88' lang='lat' dir='ltr'><em>de</em></span> 
     </span>
     <span class='ocr_line' id='line_1_23' title="bbox 159 3304 1259 3398; baseline 0 -27"><span class='ocrx_word' id='word_1_162' title='bbox 159 3331 228 3398; x_wconf 81' lang='lat' dir='ltr'><em>quo</em></span> <span class='ocrx_word' id='word_1_163' title='bbox 253 3307 471 3376; x_wconf 84' lang='lat' dir='ltr'><em>Weichertus</em></span> <span class='ocrx_word' id='word_1_164' title='bbox 500 3306 567 3396; x_wconf 85' lang='lat' dir='ltr'><em>egit</em></span> <span class='ocrx_word' id='word_1_165' title='bbox 592 3309 685 3377; x_wconf 86' lang='lat' dir='ltr'><em>Poet.</em></span> <span class='ocrx_word' id='word_1_166' title='bbox 712 3305 769 3373; x_wconf 83' lang='lat' dir='ltr'><em>lat.</em></span> <span class='ocrx_word' id='word_1_167' title='bbox 797 3305 862 3376; x_wconf 80' lang='lat' dir='ltr'><em>rel.</em></span> <span class='ocrx_word' id='word_1_168' title='bbox 888 3333 921 3398; x_wconf 52' lang='lat' dir='ltr'><em>i*</em></span> <span class='ocrx_word' id='word_1_169' title='bbox 949 3308 1035 3376; x_wconf 68' lang='lat'><em>218.</em></span> <span class='ocrx_word' id='word_1_170' title='bbox 1071 3307 1174 3396; x_wconf 82' lang='lat' dir='ltr'><em>Atqui</em></span> <span class='ocrx_word' id='word_1_171' title='bbox 1199 3304 1259 3371; x_wconf 82' lang='lat' dir='ltr'><em>irio</em></span> 
     </span>
     <span class='ocr_line' id='line_1_24' title="bbox 156 3419 1256 3513; baseline -0.003 -26"><span class='ocrx_word' id='word_1_172' title='bbox 156 3424 239 3512; x_wconf 87' lang='lat' dir='ltr'><em>ipse,</em></span> <span class='ocrx_word' id='word_1_173' title='bbox 266 3448 346 3487; x_wconf 85' lang='lat' dir='ltr'><em>uum</em></span> <span class='ocrx_word' id='word_1_174' title='bbox 371 3421 430 3488; x_wconf 90' lang='lat' dir='ltr'><em>ilie</em></span> <span class='ocrx_word' id='word_1_175' title='bbox 457 3420 599 3513; x_wconf 81' lang='lat' dir='ltr'><em>quidem</em></span> <span class='ocrx_word' id='word_1_176' title='bbox 625 3446 772 3512; x_wconf 76' lang='lat' dir='ltr'><em>nuquam</em></span> <span class='ocrx_word' id='word_1_177' title='bbox 796 3419 959 3489; x_wconf 80' lang='lat' dir='ltr'><em>Plautius·</em></span> <span class='ocrx_word' id='word_1_178' title='bbox 981 3438 1071 3487; x_wconf 81' lang='lat' dir='ltr'><em>esset</em></span> <span class='ocrx_word' id='word_1_179' title='bbox 1090 3444 1153 3512; x_wconf 89' lang='lat' dir='ltr'><em>pro</em></span> <span class='ocrx_word' id='word_1_180' title='bbox 1171 3419 1256 3487; x_wconf 84' lang='lat' dir='ltr'><em>Pto-</em></span> 
     </span>
     <span class='ocr_line' id='line_1_25' title="bbox 156 3533 1255 3616; baseline -0.001 -13"><span class='ocrx_word' id='word_1_181' title='bbox 156 3543 205 3605; x_wconf 89' lang='lat' dir='ltr'><em>tio</em></span> <span class='ocrx_word' id='word_1_182' title='bbox 230 3555 376 3616; x_wconf 78' lang='lat' dir='ltr'><em>vocatus,</em></span> <span class='ocrx_word' id='word_1_183' title='bbox 404 3537 634 3604; x_wconf 77' lang='lat' dir='ltr'><em>dubitaverat:</em></span> <span class='ocrx_word' id='word_1_184' title='bbox 663 3557 696 3604; x_wconf 89' lang='lat' dir='ltr'><em>ot</em></span> <span class='ocrx_word' id='word_1_185' title='bbox 720 3536 853 3603; x_wconf 83' lang='lat' dir='ltr'><em>ridetur</em></span> <span class='ocrx_word' id='word_1_186' title='bbox 879 3563 956 3603; x_wconf 84' lang='lat' dir='ltr'><em>sune</em></span> <span class='ocrx_word' id='word_1_187' title='bbox 972 3533 1107 3605; x_wconf 81' lang='lat' dir='ltr'><em>Plotius</em></span> <span class='ocrx_word' id='word_1_188' title='bbox 1133 3535 1255 3605; x_wconf 77' lang='lat' dir='ltr'><em>ritetor</em></span> 
     </span>
     <span class='ocr_line' id='line_1_26' title="bbox 158 3651 1254 3744; baseline 0.002 -26"><span class='ocrx_word' id='word_1_189' title='bbox 158 3655 256 3720; x_wconf 84' lang='lat' dir='ltr'><em>etium</em></span> <span class='ocrx_word' id='word_1_190' title='bbox 281 3654 427 3720; x_wconf 79' lang='lat' dir='ltr'><em>Varroni</em></span> <span class='ocrx_word' id='word_1_191' title='bbox 453 3653 545 3744; x_wconf 74' lang='lat' dir='ltr'><em>apud</em></span> <span class='ocrx_word' id='word_1_192' title='bbox 571 3655 717 3724; x_wconf 86' lang='lat' dir='ltr'><em>Nonium</em></span> <span class='ocrx_word' id='word_1_193' title='bbox 743 3679 776 3744; x_wconf 86' lang='lat' dir='ltr'><em>p.</em></span> <span class='ocrx_word' id='word_1_194' title='bbox 806 3653 862 3729; x_wconf 82' lang='grc'><em>79,</em></span> <span class='ocrx_word' id='word_1_195' title='bbox 888 3651 935 3723; x_wconf 71' lang='lat'><em>‘29</em></span> <span class='ocrx_word' id='word_1_196' title='bbox 962 3651 1039 3720; x_wconf 76' lang='lat' dir='ltr'><em>diei.</em></span> <span class='ocrx_word' id='word_1_197' title='bbox 1072 3655 1254 3720; x_wconf 75' lang='lat' dir='ltr'><em>Praetereo</em></span> 
     </span>
     <span class='ocr_line' id='line_1_27' title="bbox 156 3766 1255 3859; baseline -0.002 -24"><span class='ocrx_word' id='word_1_198' title='bbox 156 3787 275 3849; x_wconf 83' lang='lat' dir='ltr'><em>autem,</em></span> <span class='ocrx_word' id='word_1_199' title='bbox 302 3766 384 3859; x_wconf 88' lang='lat' dir='ltr'><em>qnid</em></span> <span class='ocrx_word' id='word_1_200' title='bbox 411 3766 549 3835; x_wconf 82' lang='lat' dir='ltr'><em>mutium</em></span> <span class='ocrx_word' id='word_1_201' title='bbox 576 3787 625 3835; x_wconf 89' lang='lat' dir='ltr'><em>est</em></span> <span class='ocrx_word' id='word_1_202' title='bbox 651 3794 712 3835; x_wconf 85' lang='lat' dir='ltr'><em>cor</em></span> <span class='ocrx_word' id='word_1_203' title='bbox 735 3770 770 3834; x_wconf 86' lang='lat' dir='ltr'><em>in</em></span> <span class='ocrx_word' id='word_1_204' title='bbox 786 3767 998 3858; x_wconf 76' lang='lat' dir='ltr'><em>grmnmutica</em></span> <span class='ocrx_word' id='word_1_205' title='bbox 1016 3791 1129 3832; x_wconf 77' lang='lat' dir='ltr'><em>caussa</em></span> <span class='ocrx_word' id='word_1_206' title='bbox 1144 3769 1255 3834; x_wconf 81' lang='lat' dir='ltr'><em>Varro</em></span> 
     </span>
     <span class='ocr_line' id='line_1_28' title="bbox 155 3881 1254 3976; baseline -0.001 -28"><span class='ocrx_word' id='word_1_207' title='bbox 155 3882 310 3950; x_wconf 82' lang='lat' dir='ltr'><em>credatur</em></span> <span class='ocrx_word' id='word_1_208' title='bbox 347 3882 500 3976; x_wconf 81' lang='lat' dir='ltr'><em>exemplu</em></span> <span class='ocrx_word' id='word_1_209' title='bbox 535 3909 554 3949; x_wconf 91' lang='lat' dir='ltr'><em>e</em></span> <span class='ocrx_word' id='word_1_210' title='bbox 587 3910 698 3953; x_wconf 85' lang='lat' dir='ltr'><em>rerum</em></span> <span class='ocrx_word' id='word_1_211' title='bbox 731 3881 785 3952; x_wconf 87' lang='lat' dir='ltr'><em>vel</em></span> <span class='ocrx_word' id='word_1_212' title='bbox 811 3881 998 3951; x_wconf 80' lang='lat' dir='ltr'><em>litterarum</em></span> <span class='ocrx_word' id='word_1_213' title='bbox 1025 3883 1164 3948; x_wconf 86' lang='lat' dir='ltr'><em>historio</em></span> <span class='ocrx_word' id='word_1_214' title='bbox 1190 3908 1254 3973; x_wconf 81' lang='lat' dir='ltr'><em>pe·</em></span> 
     </span>
     <span class='ocr_line' id='line_1_29' title="bbox 156 3992 1253 4088; baseline 0 -26"><span class='ocrx_word' id='word_1_215' title='bbox 156 3996 256 4065; x_wconf 82' lang='lat' dir='ltr'><em>tissei</em></span> <span class='ocrx_word' id='word_1_216' title='bbox 283 4021 342 4064; x_wconf 88' lang='lat' dir='ltr'><em>our</em></span> <span class='ocrx_word' id='word_1_217' title='bbox 368 4021 437 4064; x_wconf 88' lang='lat' dir='ltr'><em>uon</em></span> <span class='ocrx_word' id='word_1_218' title='bbox 462 3999 667 4088; x_wconf 81' lang='lat' dir='ltr'><em>acquievisse</em></span> <span class='ocrx_word' id='word_1_219' title='bbox 696 3998 730 4063; x_wconf 88' lang='lat' dir='ltr'><em>iu</em></span> <span class='ocrx_word' id='word_1_220' title='bbox 757 3992 1172 4087; x_wconf 77' lang='lat' dir='ltr'><em>simplicissimaPlantins</em></span> <span class='ocrx_word' id='word_1_221' title='bbox 1190 4007 1253 4062; x_wconf 80' lang='lat' dir='ltr'><em>uo-&#39;</em></span> 
     </span>
     <span class='ocr_line' id='line_1_30' title="bbox 154 4110 1253 4181; baseline -0.003 -3"><span class='ocrx_word' id='word_1_222' title='bbox 154 4115 251 4180; x_wconf 86' lang='lat' dir='ltr'><em>minis</em></span> <span class='ocrx_word' id='word_1_223' title='bbox 280 4115 604 4181; x_wconf 84' lang='lat' dir='ltr'><em>oommemoratioue</em></span> <span class='ocrx_word' id='word_1_224' title='bbox 636 4132 671 4179; x_wconf 87' lang='lat' dir='ltr'><em>ut</em></span> <span class='ocrx_word' id='word_1_225' title='bbox 704 4114 870 4180; x_wconf 80' lang='lat' dir='ltr'><em>notissimi</em></span> <span class='ocrx_word' id='word_1_226' title='bbox 895 4113 1050 4180; x_wconf 85' lang='lat' dir='ltr'><em>omnihus</em></span> <span class='ocrx_word' id='word_1_227' title='bbox 1078 4129 1112 4179; x_wconf 85' lang='lat' dir='ltr'><em>et</em></span> <span class='ocrx_word' id='word_1_228' title='bbox 1137 4110 1253 4177; x_wconf 83' lang='lat' dir='ltr'><em>multis</em></span> 
     </span>
     <span class='ocr_line' id='line_1_31' title="bbox 156 4225 1254 4320; baseline -0.001 -27"><span class='ocrx_word' id='word_1_229' title='bbox 156 4226 302 4297; x_wconf 75' lang='lat' dir='ltr'><em>Plautiae</em></span> <span class='ocrx_word' id='word_1_230' title='bbox 328 4231 436 4320; x_wconf 78' lang='lat' dir='ltr'><em>gentis</em></span> <span class='ocrx_word' id='word_1_231' title='bbox 460 4227 622 4320; x_wconf 85' lang='lat' dir='ltr'><em>exemplis</em></span> <span class='ocrx_word' id='word_1_232' title='bbox 649 4225 757 4297; x_wconf 74' lang='lat' dir='ltr'><em>clari?</em></span> <span class='ocrx_word' id='word_1_233' title='bbox 807 4229 914 4311; x_wconf 86' lang='lat' dir='ltr'><em>Quam</em></span> <span class='ocrx_word' id='word_1_234' title='bbox 945 4251 1050 4319; x_wconf 90' lang='lat' dir='ltr'><em>porr-o</em></span> <span class='ocrx_word' id='word_1_235' title='bbox 1081 4225 1140 4293; x_wconf 79' lang='lat' dir='ltr'><em>ille</em></span> <span class='ocrx_word' id='word_1_236' title='bbox 1177 4227 1254 4317; x_wconf 84' lang='lat' dir='ltr'><em>ipso</em></span> 
     </span>
     <span class='ocr_line' id='line_1_32' title="bbox 154 4340 1253 4436; baseline 0.004 -29"><span class='ocrx_word' id='word_1_237' title='bbox 154 4343 276 4410; x_wconf 90' lang='lat' dir='ltr'><em>Lucius</em></span> <span class='ocrx_word' id='word_1_238' title='bbox 302 4344 457 4436; x_wconf 85' lang='lat' dir='ltr'><em>ignobilis</em></span> <span class='ocrx_word' id='word_1_239' title='bbox 483 4345 584 4412; x_wconf 89' lang='lat' dir='ltr'><em>homo</em></span> <span class='ocrx_word' id='word_1_240' title='bbox 612 4368 688 4408; x_wconf 86' lang='lat' dir='ltr'><em>oum</em></span> <span class='ocrx_word' id='word_1_241' title='bbox 713 4341 831 4410; x_wconf 79' lang='lat' dir='ltr'><em>Plauto</em></span> <span class='ocrx_word' id='word_1_242' title='bbox 858 4343 998 4435; x_wconf 87' lang='lat' dir='ltr'><em>quidem</em></span> <span class='ocrx_word' id='word_1_243' title='bbox 1024 4340 1253 4434; x_wconf 71' lang='lat' dir='ltr'><em>comparatus!</em></span> 
     </span>
     <span class='ocr_line' id='line_1_33' title="bbox 79 4453 1252 4552; baseline -0.004 -27"><span class='ocrx_word' id='word_1_244' title='bbox 79 4453 88 4462; x_wconf 74' lang='grc'>’</span> <span class='ocrx_word' id='word_1_245' title='bbox 153 4458 196 4525; x_wconf 82' lang='grc' dir='ltr'><em>Εῑ</em></span> <span class='ocrx_word' id='word_1_246' title='bbox 218 4475 327 4527; x_wconf 79' lang='lat' dir='ltr'><em>tumen</em></span> <span class='ocrx_word' id='word_1_247' title='bbox 352 4462 384 4527; x_wconf 88' lang='lat' dir='ltr'><em>ei</em></span> <span class='ocrx_word' id='word_1_248' title='bbox 410 4478 447 4525; x_wconf 87' lang='lat' dir='ltr'><em>nt</em></span> <span class='ocrx_word' id='word_1_249' title='bbox 458 4458 565 4528; x_wconf 78' lang='lat' dir='ltr'><em>Plauti</em></span> <span class='ocrx_word' id='word_1_250' title='bbox 591 4485 716 4528; x_wconf 85' lang='lat' dir='ltr'><em>nomeu</em></span> <span class='ocrx_word' id='word_1_251' title='bbox 739 4459 827 4527; x_wconf 79' lang='lat' dir='ltr'><em>adeo</em></span> <span class='ocrx_word' id='word_1_252' title='bbox 845 4463 1068 4552; x_wconf 84' lang='lat' dir='ltr'><em>postpositum</em></span> <span class='ocrx_word' id='word_1_253' title='bbox 1083 4459 1147 4525; x_wconf 84' lang='lat' dir='ltr'><em>siti</em></span> <span class='ocrx_word' id='word_1_254' title='bbox 1173 4459 1252 4522; x_wconf 90' lang='lat' dir='ltr'><em>sim-</em></span> 
     </span>
     <span class='ocr_line' id='line_1_34' title="bbox 155 4573 1256 4669; baseline 0.002 -31"><span class='ocrx_word' id='word_1_255' title='bbox 155 4573 276 4664; x_wconf 82' lang='lat' dir='ltr'><em>plicior</em></span> <span class='ocrx_word' id='word_1_256' title='bbox 299 4594 472 4669; x_wconf 83' lang='lat' dir='ltr'><em>praeterea</em></span> <span class='ocrx_word' id='word_1_257' title='bbox 503 4595 536 4643; x_wconf 89' lang='lat' dir='ltr'><em>et</em></span> <span class='ocrx_word' id='word_1_258' title='bbox 560 4576 695 4643; x_wconf 82' lang='lat' dir='ltr'><em>brevior</em></span> <span class='ocrx_word' id='word_1_259' title='bbox 720 4575 826 4643; x_wconf 80' lang='lat' dir='ltr'><em>formu</em></span> <span class='ocrx_word' id='word_1_260' title='bbox 852 4575 1025 4668; x_wconf 76' lang='lat' dir='ltr'><em>trisyliobo</em></span> <span class='ocrx_word' id='word_1_261' title='bbox 1040 4573 1197 4642; x_wconf 79' lang='lat' dir='ltr'><em>nomini?</em></span> <span class='ocrx_word' id='word_1_262' title='bbox 1222 4590 1256 4640; x_wconf 85' lang='lat' dir='ltr'><em>ot</em></span> 
     </span>
    </p>
   </div>
   <div class='ocr_carea' id='block_1_6' title="bbox 157 4689 1252 4787">
    <p class='ocr_par' dir='ltr' id='par_1_6' title="bbox 157 4689 1252 4787">
     <span class='ocr_line' id='line_1_35' title="bbox 157 4689 1252 4787; baseline -0.002 -31"><span class='ocrx_word' id='word_1_263' title='bbox 157 4691 322 4758; x_wconf 79' lang='lat' dir='ltr'><em>contrario</em></span> <span class='ocrx_word' id='word_1_264' title='bbox 347 4707 447 4786; x_wconf 83' lang='lat' dir='ltr'><em>atque</em></span> <span class='ocrx_word' id='word_1_265' title='bbox 474 4689 590 4787; x_wconf 81' lang='lat' dir='ltr'><em>paullo</em></span> <span class='ocrx_word' id='word_1_266' title='bbox 616 4708 691 4759; x_wconf 80' lang='lat' dir='ltr'><em>ante</em></span> <span class='ocrx_word' id='word_1_267' title='bbox 719 4689 861 4759; x_wconf 77' lang='lat' dir='ltr'><em>ordine?</em></span> <span class='ocrx_word' id='word_1_268' title='bbox 888 4690 1013 4759; x_wconf 83' lang='lat' dir='ltr'><em>Credat</em></span> <span class='ocrx_word' id='word_1_269' title='bbox 1035 4691 1095 4786; x_wconf 86' lang='lat' dir='ltr'><em>qni</em></span> <span class='ocrx_word' id='word_1_270' title='bbox 1117 4689 1252 4783; x_wconf 85' lang='lat' dir='ltr'><em>poterit.</em></span> 
     </span>
    </p>
   </div>
   <div class='ocr_carea' id='block_1_7' title="bbox 0 0 1414 5332">
    <p class='ocr_par' dir='ltr' id='par_1_7' title="bbox 0 0 1414 5332">
     <span class='ocr_line' id='line_1_36' title="bbox 0 0 1414 5332; baseline 0 2"><span class='ocrx_word' id='word_1_271' title='bbox 0 0 1414 5332; x_wconf 95' lang='lat' dir='ltr'><em> </em></span> 
     </span>
    </p>
   </div>
  </div>
 </body>
</html>
