2820 5332
239 683 312 754 436
458 709 524 751 vut.
557 709 599 750 nn
624 672 768 750 ruarmo
792 703 961 750 scnutsvn
977 706 1110 750 onoma

240 881 326 949 illud
352 882 460 974 ipsum
483 877 684 945 considendi
712 895 745 947 et
771 877 970 972 expectandi
1005 877 1111 964 (velut
1136 877 1239 942 filium
1266 901 1327 942 cx-

238 993 412 1091 pectandi)
450 994 622 1062 consiliu'm
649 994 863 1087 Theuropidi
896 993 1022 1086 aliquot
1054 993 1166 1060 verbis
1198 991 1325 1084 signiti-

240 1113 382 1180 candum
408 1111 517 1191 fuisse,
542 1132 680 1202 prorsus
708 1110 955 1188 ut,lll,t,15‘2
981 1133 1046 1200 ego
1072 1109 1127 1175 liic
1153 1116 1325 1199 tantisper

237 1231 281 1295 ait
306 1227 386 1293 dum
403 1231 489 1302 exis,
515 1245 549 1291 te
572 1230 732 1317 opperiar
746 1229 859 1314 foris,
884 1226 1078 1318 prinsquam
1095 1250 1156 1317 per
1171 1250 1323 1319 magnam

237 1361 366 1436 partem
393 1367 515 1409 scenae
539 1342 598 1418 ΙΙΙ,
626 1347 648 1411 ‘2
674 1334 797 1408 otiosus
823 1367 902 1408 sane
930 1357 1021 1408 astat.
1083 1341 1154 1407 Nec
1180 1340 1320 1407 scabelli

237 1457 409 1524 artificium
437 1456 521 1522 illud
547 1455 643 1522 valde
657 1454 789 1548 plocet3
813 1454 1022 1548 probabilius
1044 1475 1143 1536 certe,
1170 1457 1195 1522 si
1215 1455 1319 1522 modo

237 1572 280 1639 de
305 1572 423 1638 lacuna
451 1571 672 1665 cogitandum,
698 1573 732 1636 in
759 1589 906 1637 extrema
933 1572 1032 1652 ltl,3
1059 1571 1317 1663 Theuropidcm

237 1686 422 1754 credideris
448 1685 512 1753 tale
539 1684 700 1780 quiddam
724 1685 864 1753 dixisse:
889 1682 960 1753 Se'd
984 1685 1067 1780 quid
1088 1687 1140 1752 itti
1163 1687 1319 1752 homines

236 1799 329 1867 meas
354 1801 403 1866 od
425 1799 523 1867 aedis
551 1795 616 1867 luic
641 1799 768 1866 hahent
800 1802 931 1866 rectdm
966 1802 1081 1867 viam?
1127 1795 1321 1891 Parillispcr

236 1916 327 1983 lubet
354 1912 534 1982 dbscrvare
556 1909 641 2008 quid
662 1932 788 2006 agant:
824 1915 888 1982 lenc
921 1913 1128 1982 concessere.
1203 1919 1317 2000 Quan-

235 2057 335 2125 quam
358 2058 400 2097 ne
436 2031 519 2124 quid
547 2022 776 2111 dissimulem,
812 2029 864 2098 vcl
889 2032 937 2098 sic
962 2031 1089 2124 aliquid
1124 2031 1317 2099 offensionis

233 2148 390 2214 relictum
422 2167 486 2214 est:
519 2147 701 2214 latendum
737 2142 786 2214 est
825 2150 913 2214 enim
943 2147 1174 2240 Theuropidis
1210 2149 1315 2213 verba

235 2262 558 2356 ffissffimw

233 2422 237 2427 -
340 2380 438 2470 Quos
464 2380 564 2445 illaec
588 2402 644 2444 res
668 2379 752 2445 est?
777 2378 861 2473 qnid
885 2379 953 2445 illic
964 2380 1116 2445 homines
1142 2395 1314 2469 quaerunt

275 2496 278 2502 ’
766 2526 769 2532 ·
826 2495 919 2587 opttd
943 2494 1039 2561 aedis
1066 2495 1185 2560 meas?

234 2638 237 2643 Δ
335 2611 427 2702 Quid
453 2612 594 2677 volunt?
619 2611 702 2703 qnid
724 2613 999 2703 introspectent?

230 2727 320 2794 haec¹
337 2729 437 2820 igitur
456 2751 524 2793 non
561 2728 630 2792 eius
656 2730 766 2819 potius
791 2709 899 2807 csse(
918 2730 974 2820 qui
998 2730 1149 2820 iamper
1175 2726 1314 2819 aliquod

202 2868 207 2876 ·
232 2858 365 2936 tempus
391 2842 524 2934 placide
548 2844 747 2923 observarit,
771 2869 870 2936 quam
895 2844 964 2909 eius
991 2868 1090 2936 quem
1117 2845 1313 2935 repentinus
1367 2827 1371 2835 Ι

56 2956 62 2961 ’
131 2971 132 2974 ’
228 2961 332 3026 mirae
360 2958 495 3026 alicuius
518 2959 567 3024 rei
594 2976 747 3049 aspectus
770 2957 930 3027 advertat.
1020 2938 1024 2946 ¹

328 3073 417 3157 Quid
445 3092 564 3151 autem,
591 3076 617 3139 si
644 3074 783 3166 reliquis
804 3075 957 3140 omnibus
973 3074 1091 3138 rationi
1108 3072 1311 3139 convenicu-

220 3204 277 3254 ‘ter
304 3191 487 3255 constitutis
521 3190 554 3253 in
590 3190 653 3254 hoc
681 3214 746 3255 uno
770 3216 787 3254 a
813 3214 892 3255 vero
922 3189 1126 3254 aberraverit
1152 3188 1310 3253 Camera-

226 3305 314 3383 rius,
347 3303 441 3396 quod
463 3302 600 3370 ulterius
623 3330 723 3396 quam
749 3331 810 3396 par
834 3324 905 3371 erat
928 3329 1126 3396 progressus
1155 3322 1310 3395 transpo-

164 3423 169 3428 ’
228 3422 355 3485 sitionis
379 3421 552 3486 artificium
588 3421 685 3486 etiam
714 3420 756 3486 ad
782 3419 871 3485 illam
900 3422 1004 3513 ipsam
1031 3447 1186 3497 scenam,
1223 3447 1309 3512 quac

226 3560 316 3600 nunc
343 3523 543 3614 est111,'3‚
579 3538 749 3627 pertinere
785 3536 890 3603 voluit
922 3562 984 3603 nec
1010 3539 1165 3603 intactum
1193 3537 1226 3601 in
1251 3536 1309 3601 illa

192 3644 195 3653 ¹
226 3649 359 3717 fabulae
392 3672 485 3744 parte
508 3651 645 3744 reliquit
667 3670 813 3718 veterum
839 3651 1002 3718 librorum
1028 3654 1117 3719 huuc
1137 3651 1308 3719 ordinem:

228 3767 288 3848 lV,
315 3771 349 3845 2,
375 3769 398 3835 3
426 3767 467 3833 ad
494 3770 552 3837 93.
579 3769 637 3847 ΙΙΙ,
665 3769 697 3837 3.
722 3770 781 3848 lV,
805 3772 837 3848 9,
865 3768 912 3836 94
938 3769 980 3835 ad
1004 3769 1083 3834 fin?
1136 3774 1209 3853 Quo
1233 3771 1308 3861 qui·

149 3961 153 3970 ι
227 3860 305 3947 dem
340 3883 424 3950 haec
455 3909 566 3949 rerum
604 3886 799 3950 continuitas
836 3885 997 3964 efficitur,
1035 3904 1069 3951 ut
1095 3885 1154 3963 ΙΙΙ,
1179 3889 1201 3953 2
1227 3904 1308 3951 extr.

226 3999 450 4090 Theuropide
494 4017 529 4064 et
559 4001 728 4064 Tranione
760 4003 792 4064 in
834 3999 979 4066 Simonis
1012 3999 1115 4065 aedes
1150 4001 1309 4092 ingressis

226 4115 341 4179 tertius
367 4132 457 4179 actus
485 4117 698 4180 terminetur:
726 4117 868 4207 proximi
898 4117 992 4182 initio
1019 4115 1188 4208 prodeant
1207 4115 1310 4182 Calli-

229 4213 366 4294 domatis
400 4233 504 4307 servi,
543 4255 601 4296 ero
634 4231 725 4324 apud
751 4231 1010 4299 Philolachetem
1038 4231 1225 4300 comissauti
1249 4233 1311 4297 ad-

228 4367 360 4409 versum
389 4363 515 4424 euntes,
543 4345 680 4422 deiude,
707 4364 882 4438 postquam
909 4347 1035 4413 foribus
1056 4348 1190 4441 pultatis
1207 4373 1310 4414 nemo

228 4476 423 4550 aperuerat,
452 4461 663 4552 speculantes
687 4480 785 4554 atque
813 4464 1061 4555 exspectantes:
1089 4464 1172 4529 haec
1197 4485 1309 4532 autem

228 4573 308 4640 du'm
336 4597 487 4668 aguntur,
510 4579 545 4641 in
572 4575 672 4642 altera
700 4595 793 4670 parte
819 4603 938 4644 scenae
967 4582 1144 4646 eSimonis
1171 4580 1310 4648 aedibus

226 4691 302 4757 satis
330 4717 417 4758 nunc
444 4691 654 4780 perlustratis
682 4693 918 4786 Tlteuropidcs
946 4721 1021 4762 cum
1049 4701 1221 4765 Tranione
1252 4724 1310 4765 ex-
