2820 5332
542 683 764 729 atccarnravs.
1118 662 1192 737 399

108 852 162 916 ¹sic
183 849 321 932 sentire,
343 868 381 918 ut
404 874 477 920 eam
501 846 713 946 rieqnaqunm
739 878 778 920 ex
804 854 904 932 omni,
933 879 973 924 ac
990 877 1038 921 ne
1054 855 1196 923 maxima

115 965 251 1058 quidem
277 991 317 1033 ex
342 985 436 1060 parte
461 967 673 1059 probandam
699 987 823 1060 putem.
849 968 1033 1037 Nemeum
1058 996 1196 1064 persua-

116 1081 279 1146 sissimum
301 1081 452 1161 habeam,
488 1108 531 1150 ex
556 1085 722 1165 omnibus,
748 1109 834 1177 quae
856 1086 1102 1177 suppositarum
1131 1111 1198 1155 no·

116 1197 204 1260 mine
244 1196 486 1290 comprehendi
521 1196 637 1265 solitae
671 1216 763 1280 sunt,
801 1223 899 1265 unam
930 1199 1021 1266 illam
1054 1226 1196 1282 scenam,

117 1335 201 1402 qnae
229 1313 334 1378 estin
357 1312 592 1392 linePoennli,
615 1338 654 1379 ex
679 1316 750 1406 ipsa
777 1316 971 1407 antiquitate
997 1341 1072 1384 esse
1096 1341 1198 1408 repe-

116 1424 263 1492 tendam:
299 1445 367 1493 tum
391 1427 475 1495 nihil
499 1453 643 1521 unquam
667 1453 742 1496 mco
766 1427 891 1496 iudicio
913 1431 1035 1496 institui
1061 1457 1081 1497 a
1106 1447 1196 1498 tanto

117 1543 187 1608 viro
221 1542 384 1611 infelicius
419 1545 542 1636 potnit,
581 1570 680 1638 quum
712 1543 804 1638 quod
828 1570 899 1611 eam
925 1568 1072 1631 scenam,
1111 1572 1198 1639 quae

118 1660 293 1724 subiicitur
317 1658 507 1727 Aululariae
534 1680 669 1750 praeter
689 1659 796 1728 Codri
821 1661 923 1727 Vrcei
954 1661 1198 1752 supplementa,

118 1774 266 1838 tribuere
290 1771 416 1853 Plauto,
443 1800 498 1841 eas
523 1792 642 1854 utitem,
679 1799 764 1867 quae
785 1772 914 1840 mediae
939 1777 1123 1842 Mercatori
1148 1778 1199 1840 in-

118 1886 307 1967 culcantur,
339 1905 430 1954 certe
459 1885 501 1953 ad
535 1888 716 1954 Plautinum
748 1906 890 1955 aetatem
916 1890 1050 1962 referre
1071 1908 1122 1956 est
1145 1917 1202 1985 ag·

118 2026 263 2094 gressus,
301 2019 456 2094 utrasque
492 2020 602 2068 autern
637 2002 885 2069 absolutissimis
918 2006 1030 2071 nescio
1057 2028 1198 2096 quorum

118 2120 333 2183 senariorum
357 2117 560 2184 Italicorum
592 2119 739 2184 numeris
775 2121 974 2210 compositas
1005 2121 1201 2211 pronuntia·

118 2234 181 2312 vit,
210 2258 297 2326 quaa
330 2233 441 2302 nullos
481 2259 625 2326 unquam
658 2257 817 2301 numeros
849 2232 902 2302 vel
934 2234 1124 2304 habuerunt
1150 2234 1202 2303 vel

119 2347 195 2414 ullis
220 2349 380 2416 machinis
404 2350 661 2441 recuperabunt
686 2345 719 2433 *)

617 2591 694 2680 su.

220 2789 273 2855 Ad
299 2790 481 2860 Bacchides
508 2808 619 2858 autem
645 2789 736 2885 quod
764 2793 888 2872 attinet,
909 2791 1087 2858 Niebuhrii
1108 2794 1205 2884 eqni-

123 2903 201 2971 dem
227 2907 420 2975 sententiam
451 2932 520 2973 non
552 2924 676 2975 tantum
703 2909 876 2974 exanimo
902 2906 1110 2998 amplector,
1141 2906 1203 2974 sed

122 3026 218 3089 etiam
244 3024 321 3088 satis
345 3024 458 3089 mirari
484 3047 628 3115 nequeo,
654 3023 711 3115 qui
732 3020 865 3088 tandem
883 3021 1009 3116 aliquot
1024 3022 1113 3089 band
1134 3023 1204 3089 exi-

120 3141 175 3231 gui
200 3140 360 3206 acuminis
387 3157 421 3206 et
447 3136 620 3205 doctrinae
646 3139 709 3205 viri
734 3136 940 3231 aliquamdiu
971 3138 1135 3204 caecutire
1160 3136 1203 3204 de

121 3256 159 3320 iis
186 3255 212 3318 si
240 3252 291 3320 dis
316 3253 426 3346 placet
450 3253 650 3321 carminibus
674 3256 857 3346 potuerint,
889 3276 1030 3345 quorum
1057 3268 1203 3318 extrema

120 3366 254 3434 futilitas
280 3393 337 3433 sna
360 3384 478 3460 sponte
504 3369 596 3461 qnasi
622 3368 762 3435 incurrit
790 3368 824 3431 in
851 3366 973 3435 oculos.
1022 3367 1106 3434 Nam
1133 3369 1202 3435 sire

121 3486 348 3553 inventionem
371 3502 500 3580 spectas
527 3484 709 3576 poeticam:
741 3481 825 3551 nihil
842 3484 1023 3577 excogitari
1042 3484 1083 3550 ab
1101 3484 1204 3577 ipsius

121 3598 251 3664 fabulae
277 3617 472 3690 argumento
499 3615 534 3665 et
555 3623 642 3667 nexu
664 3598 803 3666 alienius
829 3599 959 3693 potuit,
992 3598 1075 3667 nihil
1100 3601 1202 3691 magis

122 3714 307 3780 abhorrens
332 3715 373 3779 ab
399 3713 598 3807 antiquitatis
621 3739 732 3795 sensu,
757 3716 907 3782 moribus
933 3720 1053 3783 veteris
1069 3738 1203 3782 comoe-

123 3827 199 3894 diae
225 3828 308 3894 nihil
333 3830 589 3924 repugnantius,
627 3811 710 3897 nibil
732 3831 967 3897 sententiarum
994 3830 1050 3898 vel
1072 3827 1204 3894 insulsi·

125 3960 191 4010 tate
223 3942 375 4034 frigidius
409 3943 461 4013 rel
493 3947 692 4014 obscuritate
726 3945 916 4040 impeditius
942 3943 995 4011 vel
1021 3942 1205 4011 earundem

123 4058 294 4126 molestius
325 4061 540 4152 repetitione;
576 4064 645 4128 aive
678 4061 778 4126 verba
813 4076 846 4126 et
870 4083 1026 4126 numeros
1053 4078 1204 4128 cuntem-

123 4171 237 4264 plaris,
263 4171 346 4239 nihil
372 4177 534 4243 sermonis
565 4193 620 4242 aut
644 4175 806 4242 inficetius
840 4176 1010 4242 ieiunitate
1035 4193 1091 4243 aut
1115 4177 1216 4271 insn-.¹

124 4286 225 4353 lentia
247 4290 485 4381 importunius,
520 4291 696 4384 prosodiae
721 4309 829 4358 autem
854 4310 889 4358 et
912 4309 1096 4358 metrorum
1121 4284 1223 4389 pue-i³

124 4400 179 4467 rili
204 4403 368 4494 imperitia
393 4404 476 4471 nihil
502 4408 640 4500 turpius,
666 4407 766 4472 immo
792 4405 992 4500 flagitiosius.
1018 4407 1120 4476 Cuius
1145 4392 1228 4503 gel

1226 4524 1231 4561 l
1304 4552 1307 4563 t

172 4683 199 4743 ⁶)
226 4677 267 4729 Gt.
289 4676 354 4729 blut.
370 4675 462 4743 philol.
477 4675 562 4730 unae
579 4676 624 4739 lv,
641 4691 670 4743 p.
692 4674 750 4730 tot.
770 4675 821 4728 188
836 4692 877 4745 aq.
894 4674 957 4729 ⁴96.
