2820 5332
159 631 234 709 ’496
365 656 432 698 vui.
484 656 525 698 oa
551 654 698 698 rvoosro
727 653 894 699 scansam
922 653 1042 699 oaotsa

163 825 270 893 lenius
296 824 383 894 dicta
401 825 523 893 multos
549 849 601 892 me
625 828 690 893 hoc
711 844 812 915 pacto
827 832 894 892 mm
907 826 981 893 dies
995 826 1257 915 frustramini,
1289 859 1292 862 ⁴

163 968 248 1034 quae
275 961 308 1008 et
332 940 424 1034 quod
452 941 578 1011 leniora
607 965 682 1008 sunt
714 962 748 1010 et
776 941 869 1036 quod
896 958 1039 1009 caussam
1068 946 1255 1011 continent

164 1056 339 1137 clamandi,
363 1058 527 1150 praemitti
553 1059 664 1150 potius
679 1060 879 1150 oportebat·
900 1060 987 1143 Quin
1004 1059 1136 1150 longius
1160 1087 1253 1152 per-

162 1175 210 1264 git
231 1160 459 1241 ratiocinando
487 1172 638 1266 dirosque
664 1175 812 1267 integros
847 1200 959 1241 versus
992 1174 1098 1241 addit:
1136 1177 1252 1241 uiole-

163 1304 235 1354 stus
260 1292 291 1354 si
314 1313 407 1364 suro,
432 1287 570 1355 reddite
597 1305 816 1379 argentumn
829 1287 944 1357 abiero
955 1316 966 1369 ,·
999 1294 1250 1382 responsiones

163 1426 279 1468 crines
303 1403 368 1468 laec
393 1402 533 1470 verbum
551 1407 677 1495 eripit:
699 1403 805 1497 qualis
819 1406 998 1471 verbositas
1013 1429 1078 1472 nec
1095 1405 1132 1470 iu
1149 1404 1248 1472 illius

162 1544 273 1586 mores
299 1518 388 1586 cudit
416 1544 479 1587 nec
501 1546 518 1589 a
543 1518 675 1613 reliqua
710 1521 830 1587 horum
855 1545 1048 1589 sermonum
1074 1522 1246 1588 concinna

163 1633 397 1727 aequabilitate
417 1635 679 1703 commendatur.
714 1637 757 1702 Et
770 1661 958 1730 quanquam
978 1655 1245 1705 consentaneum

163 1767 212 1815 est
237 1774 316 1815 sane
343 1774 419 1816 eum
444 1749 621 1818 molestum
648 1775 721 1819 esse
747 1752 927 1831 Tranioni,
959 1770 1068 1818 tamen
1099 1776 1160 1817 cur
1193 1752 1245 1817 ibi

162 1864 370 1956 potissimum
392 1864 428 1931 id
454 1885 713 1948 commemorat,
747 1868 806 1934 ubi
839 1866 992 1933 molestia·
1012 1866 1043 1931 ei
1069 1863 1159 1932 uuila
1183 1890 1247 1933 ex-

166 1979 362 2069 probratur,
396 1981 454 2046 ubi
476 1999 583 2048 autem
610 1984 832 2074 exprobratur
866 1982 927 2068 (ne
951 1985 998 2048 sis
1023 1981 1183 2047 molestus
1208 2007 1241 2048 v.

137 2124 142 2135 ·
165 2093 244 2177 72),
265 2118 334 2178 non
356 2086 613 2164 commemorat?
646 2100 798 2165 Permire
820 2114 930 2163 autem
955 2097 1088 2162 subiicit
1111 2097 1245 2164 Tranio

165 2236 192 2276 v.
217 2206 265 2276 64
289 2226 416 2275 sortem
442 2216 576 2302 accipis,
611 2210 718 2304 idque
751 2214 810 2278 ubi
835 2211 893 2278 ille
921 2211 1136 2291 detrectavit,
1176 2235 1244 2279 aex

165 2342 241 2416 pust
262 2326 409 2393 versibus
435 2325 550 2394 denuo
576 2327 715 2420 profert.
757 2328 800 2395 Et
825 2325 994 2419 quomodo
1018 2325 1167 2419 profert?
1193 2344 1245 2402 ut,

164 2466 238 2506 cum
265 2458 360 2509 antea
386 2440 548 2510 (lanistam
572 2444 725 2536 accipere
750 2461 876 2510 sortem
902 2445 1048 2522 iusserit,
1073 2466 1163 2507 nune
1188 2443 1246 2506 ni-

163 2554 210 2621 hil
236 2557 299 2622 nisi
323 2556 550 2648 polliciturum
586 2583 658 2625 esse
690 2574 813 2625 sortem
840 2557 1102 2624 Philolachetem
1129 2554 1243 2623 dicat:

163 2671 264 2739 modo
289 2691 382 2738 reete
406 2671 449 2738 de
474 2677 560 2744 miO
588 2675 696 2765 cupite
723 2673 839 2758 ll‚§.3
866 2675 1081 2739 statuerimus.
1109 2672 1242 2739 Hocine

162 2805 289 2856 rectum
316 2809 348 2856 et
369 2791 488 2856 rationi
515 2792 716 2856 conveniens
743 2814 783 2854 an
810 2814 1003 2882 perversum
1027 2808 1126 2881 atque
1153 2785 1242 2856 adeo

164 2904 439 2996 praeposterum?
497 2909 576 2972 Post
611 2903 759 2971 danistae
784 2923 893 2970 autem
919 2928 1115 2996 responsum
1138 2906 1243 2967 immo

155 3024 301 3106 saeuus,
326 3019 362 3084 id
383 3025 529 3112 primum
556 3020 647 3096 volo,
670 3020 751 3112 quid
775 3039 823 3086 est
849 3045 908 3086 cur
933 3020 1041 3085 subito
1060 3020 1093 3083 in
1108 3019 1244 3085 iracun-

167 3135 300 3201 dissinsa
325 3136 425 3215 verba
450 3138 575 3202 Tranio
601 3163 629 3201 v.
656 3134 785 3228 65sqq.
812 3154 972 3227 erumpat,
998 3135 1119 3226 quibus
1139 3136 1240 3200 misso

168 3250 322 3343 placandi
348 3249 494 3318 danistae
530 3247 667 3316 consilio
691 3253 754 3315 iam
779 3248 933 3315 infestum
957 3250 1100 3314 animum
1130 3246 1240 3341 palam

158 3367 341 3458 profitetur
364 3386 397 3433 et
421 3366 625 3433 adversarius
651 3365 838 3432 adversario
865 3365 1013 3432 obsistit?
1074 3367 1150 3431 Non
1184 3362 1241 3429 illa

165 3485 275 3573 potius
302 3480 447 3548 danistae
474 3481 831 3548 verbaexardeseendi
854 3482 937 3546 iusta
963 3505 1072 3546 caussa
1097 3481 1240 3555 socrant,

166 3623 265 3691 quam
292 3597 383 3690 quod
409 3596 645 3664 Philolachetis
676 3597 733 3663 ille
768 3623 888 3664 nomen
923 3595 1132 3663 clamaverat:
1173 3596 1240 3660 hoc

168 3715 254 3778 enim
288 3738 356 3781 non
396 3715 504 3804 potuit
544 3712 800 3805 Theuropidcm
840 3712 972 3805 sugere:
1013 3712 1099 3777 hane
1138 3710 1240 3804 igitur

166 3846 300 3922 oportet
335 3853 480 3895 caussam
512 3854 605 3908 esse,
643 3855 702 3896 cur
731 3827 963 3922 permulcendi
996 3817 1239 3918 amovendique

165 3944 380 4014 faeneratoris
416 3970 475 4038 spe
511 3947 601 4011 omni
634 3947 761 4011 abiecta
787 3972 804 4009 a
828 3943 1044 4036 promittendi
1070 3940 1239 4008 blanditiis

165 4059 208 4126 ad
224 4060 412 4154 denegandi
437 4060 706 4153 repudiandique
722 4059 937 4129 contumelias
961 4062 1084 4125 Tranio
1101 4075 1241 4149 repente

165 4195 318 4243 transeat.
350 4175 587 4270 Progredimur
613 4176 655 4242 ad
681 4205 709 4243 v.
722 4178 782 4246 73:
808 4193 844 4241 tu
861 4176 952 4240 solus
973 4174 1074 4240 credo
1084 4177 1242 4257 faenore

165 4307 348 4381 argeutum
372 4291 482 4356 datm.
542 4295 582 4358 Ei
607 4293 662 4358 hic
688 4318 753 4358 non
779 4316 877 4384 posse
903 4316 998 4357 suum
1026 4291 1137 4357 locum
1166 4314 1240 4354 esse

166 4405 301 4500 pridem
322 4405 538 4498 perspectum
565 4426 622 4473 est.
687 4411 769 4474 Nam
795 4406 909 4472 saltem
938 4406 1098 4499 praeponi
1130 4405 1241 4469 versui

168 4525 214 4594 72
245 4521 418 4609 (rmiestus
444 4549 487 4588 ne
509 4528 577 4588 sis:
612 4548 710 4588 nerto
732 4520 811 4588 slat:
848 4549 914 4613 age
940 4523 1022 4617 quid
1044 4519 1149 4604 lubet)
1178 4520 1241 4585 de·

165 4638 283 4707 bostat
304 4658 445 4733 propter
470 4638 610 4707 eandem
636 4641 795 4707 renonem
823 4665 921 4732 quam
946 4666 994 4705 vv.
1021 4641 1061 4710 61
1078 4656 1111 4704 et
1124 4636 1182 4705 59.
1195 4634 1243 4705 60
