2820 5332
245 723 290 791 ¹0
489 746 511 791 ι.
531 720 577 789 'un
602 748 723 792 retvrt
752 749 881 793 roerte
904 750 1098 805 nonturrvs.

243 941 336 981 enum
362 914 475 982 velere
501 916 543 982 ad
568 920 693 987 rectius
719 921 971 1013 perspiciendos
994 920 1190 1004 litterarum,
1217 927 1335 1019 quales

240 1029 364 1098 Romae
389 1031 525 1100 soeculo
547 1031 607 1101 illo
632 1034 792 1116 luissent,
828 1037 973 1103 rationes
1006 1041 1178 1106 universos
1204 1043 1337 1111 intelle-

193 1220 202 1235 ·
241 1146 368 1227 ximus,
403 1165 472 1215 turn
497 1145 578 1216 illue
603 1174 760 1244 quoqne,
794 1168 830 1219 ut
851 1152 888 1218 fit
912 1153 948 1218 in
972 1152 1040 1221 hoe
1066 1179 1201 1247 genere,
1226 1159 1335 1251 perti-

240 1283 322 1325 nere
350 1262 506 1328 contiuuo
533 1264 705 1345 sensimus,
731 1291 799 1356 quo
826 1267 964 1334 minime
989 1270 1145 1337 inventor
1168 1273 1241 1366 ipse
1259 1299 1334 1340 ver-

240 1391 331 1446 teret.
385 1378 468 1443 Nam
493 1399 570 1469 cum
596 1377 688 1469 apud
714 1379 863 1447 Gellium
889 1382 947 1462 ΙΙΙ,
973 1384 997 1452 3
1022 1385 1108 1452 hoec
1135 1387 1333 1478 vulgentur:

236 1487 288 1561 M.
316 1507 429 1556 autem
446 1493 485 1560 V
478 1515 560 1557 arro
587 1498 624 1558 in
646 1492 733 1559 libro
759 1495 803 1560 cle
830 1497 1013 1564 comoediis
1031 1497 1205 1567 Plautinis
1220 1507 1333 1594 primo

236 1605 329 1672 Attii
354 1604 456 1672 verbo
482 1607 567 1674 liaeo
588 1614 711 1699 ponit:
740 1616 822 1677 iram
848 1636 912 1676 nee
939 1611 1082 1681 Gemini
1105 1641 1170 1681 nec
1194 1619 1330 1688 Leones

237 1745 302 1789 nec
341 1704 546 1789 Condalium
585 1747 650 1788 nee
680 1720 782 1793 Auru
808 1721 931 1795 Plauti
966 1752 1030 1797 nee
1050 1728 1112 1799 Bis
1136 1755 1330 1823 compresso

191 1824 203 1839 l
236 1860 300 1903 noe
323 1839 470 1904 Boeotia
495 1861 644 1930 :cuquam
659 1842 753 1923 fuit,
770 1864 880 1933 neque
905 1841 993 1910 adeo
1012 1837 1194 1938 Ἄγρωκος
1219 1872 1331 1943 neque

237 1951 530 2027 Commorientes,
562 1951 626 2018 sed
655 1951 706 2023 M.
742 1953 874 2046 Aquilia·
885 1982 895 2024 ε
945 1960 1098 2029 Attianos
1130 1987 1244 2031 versus
1279 1965 1328 2031 sio

233 2065 444 2135 Burmannus
469 2069 688 2136 instaurabat:

282 2178 439 2271 Neimque
464 2206 529 2247 noc
556 2180 703 2249 Gemini
723 2186 884 2262 lenones,
920 2184 985 2254 κεί·
1009 2187 1224 2273 Cortdalimn,
1251 2194 1326 2261 nou

828 2298 929 2368 Anus

224 2478 228 2484 .
281 2406 412 2490 Plauti,
438 2410 584 2486 noctiis
611 2409 803 2505 compressa
824 2434 885 2527 out
906 2414 1055 2488 Boeotia
1079 2417 1151 2487 eiius
1176 2418 1327 2514 enqndm

823 2537 929 2619 fuit,

279 2643 398 2743 Ne'que
432 2647 522 2714 adeo
559 2642 761 2739 Agroecio,
800 2673 909 2739 neque
937 2645 1228 2722 Commorientes,
1264 2646 1329 2713 secl

826 2758 943 2833 Marci
970 2765 1049 2832 Titi.

230 2879 270 2945 ln
295 2901 363 2970 quo
389 2876 448 2945 ille
474 2877 517 2944 ed
545 2877 701 2946 coelicum
725 2878 861 2969 vestigio
888 2879 1042 2968 proxime
1081 2904 1160 2944 saue
1182 2877 1325 2944 recede-

227 2994 295 3071 hat,
322 3016 468 3088 quorum
493 2995 528 3058 in
555 2993 707 3084 optimis,
733 2992 836 3084 Regio
864 3011 897 3060 et
921 2990 1214 3074 Rottendorsrnuo,
1241 2994 1325 3059 seri-

228 3124 326 3199 ptum
360 3124 411 3173 est
448 3107 498 3172 M.
524 3101 625 3170 Accii
648 3107 735 3178 Titi:
770 3104 962 3197 eodemque
999 3123 1154 3199 spectare
1182 3125 1326 3198 apparet

228 3222 277 3288 Μ.
304 3225 450 3288 acontioi
470 3221 669 3311 scripturam
696 3221 991 3287 vetustissimorum
1023 3220 1218 3301 editionum,
1243 3223 1324 3286 Ber-

226 3334 393 3402 berinieni
417 3334 498 3403 libri
523 3353 555 3401 et
580 3333 866 3414 Vindoboneusis,
896 3335 973 3400 iteru
999 3338 1051 3406 M.
1076 3339 1215 3401 oerrtitii
1239 3336 1323 3402 Cas-

225 3454 357 3530 sinetis,
392 3469 424 3518 et
457 3449 620 3543 gliscente
654 3447 847 3540 corruptela
871 3445 925 3519 M.
950 3450 1132 3517 Hotrutici
1151 3449 1234 3516 elius
1260 3475 1323 3542 eu·

227 3565 357 3631 iusdam
394 3563 483 3660 opud
527 3565 737 3630 Gronovium
783 3563 921 3630 codicis.
980 3565 1062 3629 Nam
1101 3568 1151 3632 M.
1180 3563 1321 3657 quidem

223 3680 355 3772 Aquitii
378 3704 502 3746 nomen
527 3678 591 3745 soli
617 3679 829 3745 coniecturae
840 3676 869 3761 *)
893 3677 1048 3759 debetur,
1075 3681 1322 3746 hueiurectum

226 3823 266 3863 ex
302 3793 452 3863 eiusdem
488 3792 592 3860 Gellii
631 3794 744 3859 verbis
777 3792 892 3884 paullo
929 3809 1005 3858 ante
1039 3795 1171 3885 positis:
1218 3799 1322 3860 sicuti

224 3917 325 3978 irtam
350 3934 452 4004 quam
473 3914 668 4000 nerperrime
684 3906 889 3997 legebamus,
916 3912 972 3973 oni
993 3926 1045 3973 est
1067 3933 1192 3974 nomeu
1206 3906 1320 3977 Boeo-

224 4031 284 4093 tio.
307 4049 387 4090 nam
414 4048 490 4088 eum
515 4027 552 4088 in
578 4023 645 4089 illis
672 4045 743 4087 uno
782 4037 815 4086 ct
850 4025 975 4112 viginti
1005 4045 1077 4086 uon
1107 4027 1153 4088 sit
1186 4040 1221 4088 et
1245 4047 1319 4090 erse

220 4137 352 4232 Aquilia·
366 4137 513 4220 dicatur,
540 4138 629 4203 nilu'l
652 4154 769 4204 tomen
784 4138 901 4203 Varro
918 4136 1088 4204 dubitante
1100 4141 1185 4229 quin
1196 4138 1318 4204 Plauti

209 4257 325 4343 foret.
354 4257 446 4338 Quae
473 4279 548 4320 eum
575 4255 618 4318 ite
641 4250 714 4318 sine
743 4249 811 4318 ulle
838 4251 1065 4343 discrepantia
1091 4252 1317 4344 proditntiut,

220 4394 288 4438 non
312 4370 469 4463 profecto
495 4371 609 4462 inepte
634 4385 798 4461 egerunt,
839 4367 896 4459 qui
930 4365 974 4432 ad
1012 4366 1097 4432 illud
1126 4365 1321 4458 exemplum

257 4641 285 4708 ')
309 4640 366 4692 lion
385 4658 400 4693 n
419 4642 556 4694 Lornbeeio
575 4645 682 4711 primum
701 4643 858 4709 propositae,
886 4642 932 4693 sed
952 4642 1032 4692 multo
1053 4643 1124 4709 prius
1145 4657 1159 4692 o
1180 4641 1246 4692 litio
1265 4640 1317 4706 Gy·
1387 4703 1396 4714 .

311 4727 383 4779 raldo
402 4731 466 4780 tttse
487 4738 584 4795 poetar.
604 4729 664 4780 utut.
685 4727 752 4789 vnt,
772 4743 797 4796 p.
817 4726 870 4780 866
889 4728 929 4779 ed.
950 4727 1006 4778 nus.
1025 4744 1047 4778 n.
1071 4727 1136 4781 1545
1356 4722 1359 4727 ¹
