2820 5332
1190 388 1196 403 t

230 648 304 722 416
454 676 519 722 vrrs.
546 678 589 724 nn
616 677 763 723 evasero
791 678 1106 722 scanaavnoamnn

232 849 300 934 (vel
323 842 403 915 illuc
428 870 641 928 concessero,
667 841 745 914 ittu'c
770 854 837 915 iam
863 845 1091 935 abscessero):
1119 869 1174 917 anst
1199 854 1248 918 sic

333 966 403 1056 Qui
427 962 516 1028 mn'le
541 989 593 1029 me
619 964 757 1030 mulcet:
795 962 904 1032 sa'tins
925 983 976 1032 cst
1008 992 1061 1033 me
1086 961 1168 1034 binc
1197 969 1318 1036 obsec-

820 1080 919 1147 dere:

229 1195 263 1261 iti
306 1197 563 1287 consequimur,
608 1221 675 1290 quo
712 1221 851 1290 prorsus
891 1200 1130 1290 exspectationi
1167 1200 1315 1266 satisfiat.

229 1313 314 1379 Nam
338 1312 399 1377 etsi
417 1328 601 1402 potuerunt
611 1337 690 1379 sane
705 1314 803 1379 etiam
816 1312 912 1405 pluru
925 1313 1152 1380 intercidere:
1176 1317 1316 1408 quando

228 1446 361 1519 septem
388 1452 542 1493 versuum
569 1429 672 1519 spatie
697 1427 881 1496 secundum
903 1427 1065 1497 calculum
1092 1455 1191 1522 snpra
1212 1459 1228 1496 a
1254 1457 1317 1498 uo-

228 1543 281 1609 bis
304 1538 505 1608 subductum
528 1561 729 1636 suppetunt:
756 1562 866 1610 tamen
892 1568 936 1611 ne
956 1542 1042 1610 solet
1063 1546 1202 1637 quidem
1224 1547 1314 1614 istud

229 1657 412 1724 secedendi
441 1656 613 1724 consilium
639 1659 702 1723 uisi
727 1659 922 1726 brevissime
948 1658 1038 1751 apud
1071 1658 1220 1726 Plautum
1249 1661 1313 1728 de-

230 1774 364 1842 clarari:
389 1772 478 1839 velut
502 1770 581 1841 solis
608 1773 672 1839 lucc
684 1797 883 1840 concessero
895 1775 1005 1842 verbis
1020 1773 1103 1839 ittud
1132 1800 1206 1842 cum
1231 1777 1311 1842 alibi

228 1890 266 1958 fit
292 1907 357 1955 tum
383 1893 483 1956 Most.
508 1888 568 1968 ΙΙΙ,
598 1893 628 1969 1,
658 1888 737 1961 156.

724 2107 754 2183 §-
786 2107 818 2175 4.

325 2267 437 2360 Atque
465 2267 547 2335 haec
574 2269 685 2334 omnia
709 2270 753 2336 ita
779 2266 1041 2361 disputavimus,
1073 2285 1109 2333 ut
1136 2265 1179 2335 de
1206 2270 1312 2335 versi·

228 2381 290 2448 bus
319 2387 335 2448 1
368 2401 401 2449 et
426 2384 447 2448 1
475 2407 519 2450 sc.
546 2384 569 2451 2
592 2400 645 2450 act
669 2383 717 2452 IV
755 2383 833 2464 (Illi
862 2399 965 2449 erunt
999 2380 1172 2448 bucaedae
1202 2384 1307 2449 inulto

225 2501 338 2590 potins
371 2521 471 2588 qrtcm
493 2520 559 2589 ego
591 2502 655 2564 sim
686 2503 801 2566 restio.
836 2521 890 2566 se.
929 2521 1030 2563 marte
1061 2513 1097 2563 tn
1123 2515 1225 2590 atque
1251 2523 1308 2563 ns-

227 2617 310 2680 siste
341 2612 432 2698 ilico)
471 2639 540 2680 non
572 2613 798 2681 dubitaremus
839 2616 919 2706 quin
951 2632 1043 2681 recte
1074 2639 1091 2679 u
1118 2613 1310 2680 Camerario

229 2746 305 2797 ante
334 2730 391 2806 lV,
419 2732 451 2809 2,
479 2730 501 2799 3
537 2731 680 2823 repositi
713 2747 839 2796 essent:
876 2755 951 2795 nam
978 2731 1013 2794 in
1040 2727 1211 2796 codicibus
1238 2731 1313 2821 qni-

225 2843 308 2912 'dem
334 2847 423 2913 inter
448 2847 508 2926 ΙΙΙ,
534 2851 568 2927 Q,
598 2847 666 2914 155
692 2864 725 2912 et
749 2846 808 2925 ΙΙΙ,
838 2850 868 2923 1,
888 2848 933 2914 7‘2
960 2846 1151 2911 interiectos
1176 2868 1249 2910 esse
1269 2846 1311 2909 ab

228 2964 322 3028 initio
347 2963 568 3055 exposuimus.
631 2963 759 3046 Quibus
796 2987 870 3027 cnm
896 2960 993 3025 aliam
1021 2957 1226 3026 commodam
1254 2985 1312 3024 se-

229 3075 305 3143 dem
332 3103 393 3144 nec
419 3081 567 3169 potuerit
590 3078 790 3171 quisquam,
816 3102 880 3143 nec
905 3095 940 3142 nt
964 3077 1107 3143 arbitror
1135 3075 1239 3167 possit
1260 3075 1313 3140 in-

174 3250 176 3255 ,
228 3191 373 3287 degaro,
409 3213 475 3259 tum
511 3218 551 3260 cx
589 3194 819 3258 Ambrosianis
852 3192 1044 3284 fragmentis
1067 3185 1191 3257 tantum
1220 3208 1312 3257 certe

232 3311 460 3402 cognoscitur,
495 3320 560 3376 nec
586 3326 662 3401 post
687 3309 746 3386 ΙΙΙ,
774 3310 807 3387 2,
834 3311 902 3375 155
929 3333 994 3374 nec
1019 3326 1094 3374 ante
1119 3307 1178 3387 ΙΙΙ,
1208 3311 1238 3383 Ι,
1267 3309 1314 3378 7‘2

140 3437 145 3449 ’
230 3423 410 3492 collocatos
434 3426 543 3494 fuisse.
607 3425 799 3492 Rectissime
833 3441 941 3489 autem
968 3423 1198 3489 Lachmannus
1225 3424 1311 3487 banc

229 3540 519 3631 transpositionem
547 3540 628 3606 vidit
654 3567 727 3607 cum
757 3540 888 3632 reliqua
915 3537 1114 3606 schedarum
1144 3555 1313 3632 permuta-

230 3659 318 3722 tionc
346 3658 387 3721 ita
415 3680 595 3721 connexam
625 3681 709 3737 csse,
736 3675 772 3728 nt
798 3656 937 3748 quiduo
964 3654 1118 3721 versiculi
1144 3653 1313 3721 sorteela-

230 3773 280 3865 psi
307 3771 514 3837 traiectatnm
539 3772 738 3839 schedarum
767 3773 927 3864 septimae
956 3772 1001 3856 (=
1026 3771 1121 3853 Vlli)
1155 3771 1316 3861 praemit-

232 3887 324 3952 tendi
351 3888 506 3969 fuissent,
530 3889 780 3954 ascriberentur
802 3888 896 3952 initio
923 3905 1031 3953 sextae
1059 3884 1157 3972 (=l).
1211 3886 1313 3952 Cuius

231 4005 356 4069 erroris
392 4030 537 4070 caussam
578 4023 719 4096 apparet
751 4004 836 4068 hanc
864 4003 984 4081 fuisse,
1024 4001 1116 4095 quod
1143 3999 1310 4066 simillima

230 4135 371 4211 utroque
396 4118 471 4187 loco
499 4121 598 4186 verba
626 4117 736 4207 (miti)
759 4118 918 4184 molestus
944 4143 987 4183 ne
1009 4123 1055 4185 sis
1081 4136 1276 4210 sequnntur.
