2820 5332
442 655 605 701 rsrnvusn
634 660 829 708 universis.
1102 653 1173 722 5¹7

93 820 190 885 etism
217 823 284 888 sic:
317 849 385 917 quo
409 828 516 896 ninus
541 830 639 913 loris,
682 860 724 903 eo
754 841 858 931 magis
888 847 1176 937 cognoscebantur

95 933 201 1002 domi:
225 937 331 1028 qualis
357 946 530 1011 conversio
552 952 809 1019 constructionis
834 956 870 1022 in
886 960 1075 1028 Trinummi
1099 990 1176 1032 ver-

95 1073 166 1114 sum
193 1053 438 1121 accommodari
463 1062 592 1152 nequit.
643 1063 743 1131 Nullo
770 1069 858 1134 enim
884 1076 1017 1163 gravior
1040 1078 1088 1144 vis
1115 1103 1178 1172 op-

95 1166 272 1254 positionis
299 1191 339 1235 eo
365 1173 515 1253 sentitur,
542 1176 633 1267 quod
656 1179 811 1247 adiicitur
827 1203 949 1276 raptas
964 1213 1081 1269 novos,
1107 1218 1174 1286 quo

96 1276 205 1359 idem,
237 1282 330 1373 quod
357 1283 482 1352 dictum
509 1308 581 1357 eret
604 1311 719 1374 untes,
754 1295 960 1368 describitur
984 1323 1106 1371 tantum
1134 1309 1175 1374 nb

95 1392 195 1459 altera
222 1415 317 1488 purte
344 1419 377 1468 et
398 1402 645 1494 quodammodo
668 1409 855 1503 suppletur.
906 1419 932 1484 E
959 1444 1025 1511 quo
1051 1421 1178 1488 intelli-

96 1511 182 1602 gitur
209 1508 390 1582 dieendom
415 1517 535 1586 suisse:
560 1546 668 1612 neque
693 1548 756 1591 eor
767 1535 929 1624 antiquos
944 1559 1073 1612 servas,
1098 1537 1177 1603 sed

98 1642 216 1717 captas
241 1652 364 1711 novor,
398 1635 539 1730 ipsoque
571 1636 628 1704 illu
652 1657 709 1707 ast
733 1647 896 1739 particule
923 1649 1175 1745 interpolatoris

95 1766 229 1810 monum
255 1747 367 1841 prodi.

575 1992 586 2005 '
619 2020 660 2089 n.

197 2208 385 2277 Trinummi
410 2213 435 2293 I,
461 2217 494 2295 2,
521 2218 568 2286 52
578 2244 651 2311 sqq.
679 2219 760 2289 haec
785 2221 979 2315 vulgantur:

218 2345 305 2392 nso.
339 2325 466 2395 Habe'n
498 2349 534 2398 tn
556 2339 700 2400 arricum
734 2353 794 2402 art
809 2337 1032 2423 fdmilt'arem
1061 2337 1177 2434 quens-

682 2474 788 2540 pram,

221 2555 286 2621 Cui
318 2552 436 2646 pe'ctus
475 2562 611 2651 sopiat?
669 2585 746 2630 oss.
781 2560 902 2657 e'depol
939 2568 1033 2635 haud
1063 2569 1179 2639 dictim

686 2678 775 2745 delo.

220 2785 309 2852 Snert
334 2782 416 2880 quo'r
440 2793 511 2854 seio
536 2815 608 2856 erse
634 2787 774 2868 anricus,
796 2810 877 2860 sunt
904 2817 988 2884 quos
1012 2788 1176 2888 srirpieor,

123 2900 170 2968 55
221 2900 311 2970 Sunt
336 2926 477 2995 quornm
493 2909 640 2997 ingenia
662 2923 764 3002 atqere
788 2915 922 2975 errimos
945 2933 1017 2975 non
1038 2933 1177 3002 mum

691 3046 844 3101 noscere,

219 3129 279 3198 Ad
301 3138 403 3201 amici
418 3152 555 3227 partem
577 3162 624 3202 an
649 3137 698 3204 ad
722 3142 858 3206 inimici
872 3143 1092 3232 perveniant.

222 3247 295 3316 Sed
318 3266 354 3316 tu
378 3245 423 3317 em
445 3257 563 3319 amieis
585 3249 686 3320 eertrs
712 3259 819 3321 miss
845 3250 1070 3321 certissumus.

195 3364 236 3431 V.
263 3363 310 3435 56
348 3367 558 3435 Hermsnnus
584 3371 729 3436 correxit
750 3386 944 3462 pervertant
957 3420 966 3449 ,
1013 3368 1057 3437 ud
1083 3368 1177 3463 quod

99 3481 252 3572 proxime
278 3507 356 3548 sune
391 3482 522 3552 accedit
554 3486 691 3554 Veteris
712 3485 787 3554 eud.
812 3487 980 3579 scripture¹
998 3502 1178 3580 perrenae.

97 3596 165 3662 Sed
193 3595 277 3691 quid
301 3596 434 3666 tondem
461 3602 569 3667 omnis
593 3603 653 3666 istu
677 3601 740 3667 sihi
758 3598 884 3669 locutio
903 3600 986 3669 vult:
1011 3600 1181 3668 adamim

99 3734 147 3776 an
172 3712 220 3778 ad
243 3718 373 3781 inimici
401 3732 537 3809 partem
563 3718 801 3810 perueniant?
821 3719 914 3783 ouius
951 3735 1033 3808 quot
1065 3717 1180 3797 verbe,

98 3841 148 3893 tot
168 3828 415 3920 propemodum
439 3848 515 3897 sunt
537 3830 759 3899 incommoda.
809 3831 892 3896 Nam
922 3831 1069 3921 primum
1093 3830 1179 3895 mire

98 3961 198 4035 etque
223 3943 357 4013 insolite
382 3945 508 4014 dietum
534 3964 585 4013 est
603 3945 652 4010 ad
671 3945 969 4037 reliquampartem
986 3947 1177 4034 pervertere.

98 4059 150 4123 Ae
172 4063 379 4148 perveniant
399 4061 543 4126 verbum·
565 4059 811 4125 dubitationem
834 4059 905 4123 ism
924 4055 1082 4125 Auidnlio
1099 4081 1177 4124 mo·

100 4170 155 4249 vit,
181 4172 240 4264 qui
262 4177 461 4262 pertineant
486 4176 595 4266 potius
618 4174 815 4265 expetebat:
842 4174 1014 4264 aptissime
1040 4170 1079 4238 id
1105 4174 1180 4266 qui·

101 4283 179 4351 dem
204 4284 247 4351 ed
272 4291 486 4371 senteutiam,
516 4288 560 4356 ed
585 4312 742 4355 numerus
768 4288 1064 4382 importunissime.
1112 4288 1181 4354 Fe-

99 4400 241 4469 rendum
265 4403 359 4496 prius
384 4402 469 4470 illud
495 4428 680 4486 censerem,
706 4404 735 4470 si
758 4403 824 4470 hoe
843 4419 1009 4497 ageretur,
1032 4420 1179 4496 utpror-

99 4544 153 4584 sos
179 4520 365 4613 pervasisse
400 4537 434 4586 et
467 4536 664 4614 penetrasse
699 4543 805 4612 usque
841 4517 883 4583 sd
919 4519 1178 4587 certissimorum

98 4634 164 4703 sire
189 4635 371 4704 amicorum
395 4638 462 4705 sive
488 4635 698 4705 inimicorum
723 4651 859 4732 partem
888 4635 1057 4733 quispiam
1085 4632 1183 4703 dioe-
