2820 5332
243 731 316 804 340
482 761 513 799 r.
542 759 583 799 oe
611 758 715 800 aeria
744 755 909 800 aurarum
937 755 1103 800 raucone.

243 935 400 1025 scriptam
436 931 542 998 edidit
577 934 610 996 in
650 934 758 998 Musei
798 930 994 1024 philologici
1028 929 1179 996 Rhenani
1214 927 1279 995 vol.
1305 928 1330 999 Ι,

242 1074 274 1142 p.
306 1054 384 1119 117.
436 1049 466 1112 ls
492 1046 575 1112 nihil
602 1072 637 1111 sc
665 1071 797 1112 caussae
823 1045 940 1112 videre
968 1047 1028 1125 ait,
1067 1071 1125 1112 cur
1156 1069 1224 1111 non
1252 1065 1328 1112 ante

211 1162 326 1229 'illud
361 1182 492 1255 tempus
527 1181 626 1254 poeta
663 1164 809 1255 potuerit
834 1187 890 1228 eos
916 1185 1028 1227 servos
1055 1185 1329 1238 commemorare,

241 1305 325 1371 quos
352 1303 395 1343 nc
412 1280 554 1344 Ritterus
582 1277 716 1370 quidem
744 1279 872 1370 negarit
890 1279 954 1342 iam
973 1295 1041 1341 tum
1062 1276 1211 1368 cognitos
1226 1277 1328 1342 fuisse

239 1394 415 1459 Romanis:
442 1410 540 1484 atque
569 1418 641 1458 esse
657 1392 773 1485 Syram
792 1418 924 1459 servam
942 1394 976 1456 in
996 1394 1196 1457 Mercatore.
1225 1393 1327 1457 Prae-

241 1525 331 1574 terea
360 1534 457 1600 posse
484 1509 644 1599 Syrorum
666 1509 872 1575 mentionem
899 1508 933 1571 iu
946 1509 1178 1572 Trinummum
1208 1508 1327 1573 ePbi-

238 1622 382 1690 lemonis
410 1621 518 1688 sabula
548 1624 721 1689 transisse:
748 1622 979 1716 pervulgarem
1008 1625 1094 1688 enim
1121 1647 1192 1687 esse
1213 1622 1327 1688 Phile-

194 1763 200 1775 ‘
238 1741 345 1805 monis
372 1756 404 1804 ct
429 1737 607 1803 Menandri
635 1727 740 1804 aetate
763 1738 924 1830 Syrorum
950 1764 1062 1817 usum,
1089 1754 1139 1802 sat
1164 1738 1324 1830 frequen-

238 1856 280 1919 tia
313 1852 449 1949 Σύρος,
480 1853 583 1947 Σύρα
622 1853 765 1919 uomina.
818 1851 1029 1920 Omittendos
1068 1855 1169 1945 igitur
1201 1855 1325 1920 iubae

238 1973 434 2060 quaestione
461 1968 537 2034 illos
564 1993 676 2034 versus
702 1993 782 2044 csse,
816 1986 848 2033 et
871 1969 916 2034 eis
942 1970 1052 2060 potius
1079 1968 1239 2035 utendum
1266 1971 1324 2061 qui

236 2084 458 2177 insequuntur
484 2110 501 2149 a
529 2082 682 2150 Philtone
707 2080 795 2148 sene¹
810 2084 1031 2175 pronuntiati:

333 2199 445 2268 Credo
473 2225 538 2291 ego
564 2204 670 2274 istuc,
697 2199 861 2277 masinae,
888 2203 938 2266 ita
964 2224 1056 2265 esse:
1087 2199 1150 2265 sed
1175 2200 1320 2292 Campus
1348 2240 1351 2253 ·

312 2316 321 2369 '⁸
939 2340 1051 2406 genus

332 2427 445 2498 Multo
472 2430 637 2518 Syrorum
664 2432 731 2493 iam
755 2427 885 2493 caecidit
907 2433 1130 2522 patientiam:

234 2547 291 2613 ubi
316 2551 522 2638 patientiam
548 2546 768 2611 accusativum
798 2569 860 2636 pro
892 2544 1035 2612 ablativo
1069 2544 1221 2637 efflagitat
1245 2543 1320 2611 lati-

232 2664 326 2728 nitas.
361 2661 462 2727 Rcctc
487 2663 574 2725 enim
595 2659 680 2725 haee
706 2658 748 2723 ad
774 2660 1016 2725 atrocissimum
1043 2659 1129 2726 illud
1153 2659 1195 2725 de
1221 2660 1319 2725 Cam-

230 2779 326 2872 panis
355 2774 555 2869 supplicium
582 2776 746 2840 Ritterum
772 2773 952 2852 rettulisse,
988 2800 1054 2868 quo
1081 2795 1218 2868 praeter
1244 2776 1316 2854 alia,

233 2918 319 2985 quae
345 2892 411 2957 hue
437 2892 543 2955 minus
571 2891 752 2983 pertinent,
789 2888 1038 2954 ntultitudinem
1065 2893 1185 2955 civium
1213 2892 1316 2957 Cam-

228 3031 399 3100 panorum
426 3005 663 3072 veraztmdatam
687 3006 797 3069 Livius
823 3006 946 3083 XXVI,
975 3003 1018 3073 16
1045 3004 1206 3098 prodidit,
1228 3032 1314 3074 anno

231 3120 368 3214 quidem
410 3119 492 3191 542.
549 3119 755 3210 Singularem
799 3121 863 3184 vim
903 3145 975 3186 esse
1015 3125 1082 3185 iam
1117 3120 1316 3213 particulae:

229 3260 342 3300 nunc
369 3229 590 3327 patientes
616 3235 768 3301 laborum
794 3233 872 3312 dici,
892 3237 949 3326 qui
971 3254 1064 3300 antea
1079 3236 1168 3303 omni
1188 3237 1316 3301 luxuria

230 3351 386 3416 fluerent.
437 3351 511 3415 Non
538 3351 683 3441 potuisse
707 3365 814 3414 autem
840 3348 1097 3416 haee'nisiuno
1123 3349 1172 3414 vel
1204 3354 1316 3441 paucis

228 3482 307 3556 post
329 3466 476 3555 Capuam
504 3482 720 3555 expugnatam
755 3465 847 3527 annis
883 3464 1001 3527 scribi:
1034 3462 1190 3556 frigidum
1227 3467 1315 3532 enim

231 3579 374 3644 futurum
410 3579 509 3645 fuisse
543 3581 657 3671 viginti
692 3578 827 3644 demum
852 3579 944 3644 annis
966 3579 1172 3672 interpositis
1196 3584 1242 3648 sic
1266 3582 1317 3649 lo·

232 3696 290 3789 qui
318 3694 360 3759 de
388 3721 424 3760 rc
450 3720 555 3787 paene
585 3694 782 3760 oblitterata.

331 3813 466 3876 Tertius
494 3811 599 3876 extitit
626 3811 717 3875 Chr.
744 3811 1029 3890 Peterseuus,
1057 3810 1101 3878 de
1128 3814 1315 3878 Trinummi

189 3909 193 3916 ’
231 3928 438 4019 temporibus
466 3928 541 3992 satis
568 3924 766 3989 mirabiliter
799 3923 970 4016 disputans
999 3927 1033 3990 in
1058 3929 1315 3993 Zimmermanni

234 4043 369 4107 Diurnis
397 4041 497 4131 antiq.
525 4039 609 4105 stud.
637 4065 666 4103 a.
696 4038 799 4116 1836,
822 4064 856 4130 p·
882 4037 954 4106 612
979 4065 1053 4134 sqq.
1099 4042 1221 4108 Probat
1253 4042 1318 4106 Pe-

235 4175 385 4222 tersenus
413 4157 526 4219 Ritteri
552 4156 878 4244 argumentationem,
907 4154 1241 4224 Windiscbmaunum
1263 4184 1321 4223 au-

234 4289 299 4336 tem
327 4273 370 4335 ita
397 4271 577 4360 impugnat,
605 4288 640 4334 ut
667 4294 724 4335 eos
751 4285 873 4333 tantum
890 4268 1136 4361 Campanorum
1164 4296 1235 4337 esse
1263 4299 1317 4338 re-

234 4386 408 4453 uumdatos
437 4385 542 4464 dicat,
579 4387 637 4475 qui
671 4402 785 4475 captae
822 4385 913 4449 urbis
945 4401 1094 4476 tempore
1126 4384 1179 4451 vel
1203 4385 1318 4452 adule-

240 4503 399 4568 scentiam
426 4498 476 4565 rel
504 4498 589 4565 adeo
618 4500 791 4592 pueritiam
819 4497 968 4565 nondum
996 4501 1122 4592 egressi
1157 4519 1248 4568 actae
1275 4502 1322 4567 sa-

241 4615 339 4681 bulac
367 4632 518 4705 tempore
545 4617 709 4679 etiamtum
738 4614 859 4678 Romae
886 4615 1040 4679 vixerint:
1068 4641 1179 4708 neque
1204 4615 1240 4682 id
1265 4616 1322 4683 ille

236 4731 369 4797 coniicit
399 4746 523 4794 tantum
557 4755 630 4795 cum
661 4726 769 4821 aliqua
797 4727 976 4812 modestia,
1013 4729 1073 4796 sed
1108 4729 1317 4797 confidenter
1349 4740 1356 4754 ‘
