2820 5332
156 621 227 692 592
494 644 523 686 x.
564 645 604 687 ms
632 644 762 687 centro
784 617 888 686 'extre

157 815 253 882 tradi
275 814 399 894 liberis,
426 814 546 906 quibus
569 811 693 880 licebat
718 839 796 880 sane
822 812 918 879 alicui
941 811 1164 901 grammatico
1189 835 1259 876 ex-

156 931 282 1023 plicaro
308 929 362 994 illa
391 928 528 993 traduci
552 928 599 994 ad
619 927 753 994 liberos.
779 929 944 993 Insertum
970 944 1081 992 autem
1104 924 1256 992 iuberet

153 1046 206 1109 ris
231 1047 355 1136 patitur
380 1040 475 1108 aliam
501 1042 766 1108 emendationem
794 1043 844 1108 sui
870 1043 1033 1108 vicariam.
1139 1041 1185 1108 V.
1207 1045 1259 1109 10

155 1161 357 1250 obsequerer
392 1153 575 1224 Grauerttts
616 1178 650 1226 et
682 1156 929 1225 Doederlinus:
970 1156 1143 1252 obsequar
1181 1182 1261 1223 nou

154 1280 269 1369 inepte
301 1274 460 1354 Botlrius,
495 1274 528 1338 in
562 1272 702 1366 reliquis
729 1273 814 1340 ultra
841 1300 940 1365 quam
976 1271 1094 1350 credas
1132 1272 1259 1338 llario·

154 1390 249 1455 latus.
423 1389 461 1452 V.
493 1393 532 1455 ll
571 1388 633 1453 adt·
657 1413 720 1480 pro
752 1387 827 1466 abi,
863 1386 954 1480 quod
990 1411 1131 1479 prorsus
1169 1388 1258 1454 ltiuc

155 1505 312 1583 alienum,
339 1504 485 1581 Botltios,
513 1503 568 1571 lric
594 1528 730 1596 quoque
756 1522 885 1570 temere
910 1506 1040 1569 mutatis
1063 1506 1250 1594 proximis.

154 1621 287 1687 Rectius
319 1639 427 1685 autem
463 1619 548 1686 llaec
573 1622 665 1686 Davo
702 1621 892 1686 tribuuntur
924 1645 1022 1711 qnam
1061 1619 1251 1710 Pamphilo

154 1736 398 1801 continuantur.
554 1749 588 1798 et
607 1758 677 1823 age
699 1735 831 1799 ltomt‘ui
860 1732 1103 1799 Doederlinus:
1142 1758 1250 1825 quam

153 1850 406 1917 collocationem
429 1850 608 1916 verborum
635 1849 809 1915 coufirmat
831 1848 904 1916 oud.
932 1849 1156 1915 Ebnerianus.

152 1970 192 2034 V.
223 1969 266 2036 12
291 1969 464 2031 carissime
491 1993 509 2032 e
536 1965 619 2031 nrilti
643 1970 803 2055 egissime
829 1963 936 2031 effecit
967 1965 1137 2044 Zeunius,
1172 1989 1247 2031 non

154 2101 188 2148 ut
214 2081 430 2160 satisfecerit,
464 2080 525 2147 sed
553 2101 660 2147 tamen
683 2098 718 2146 ut
744 2105 812 2150 nou
838 2098 995 2172 suppetat
1021 2079 1115 2172 quod
1141 2104 1248 2172 prae-

153 2215 225 2265 stet.
326 2197 366 2263 V.
397 2198 526 2288 13sqq.
554 2197 674 2262 frustra
700 2190 843 2273 suerunt,
864 2198 923 2288 qui
948 2195 1033 2263 hace
1059 2195 1246 2262 iunxerunt

154 2309 401 2379 construendo:
428 2335 529 2403 quam
554 2310 613 2387 id,
642 2309 734 2402 quod
756 2310 817 2375 abs
843 2328 876 2376 te
901 2326 1045 2402 expeto,
1075 2334 1128 2374 me
1154 2334 1238 2400 rep-

150 2432 288 2520 perisse.
324 2425 408 2491 Nam
431 2451 495 2493 uec
520 2430 671 2516 reperire
697 2424 829 2501 dicitur,
856 2424 949 2517 quod
976 2425 1049 2518 quis
1073 2424 1239 2514 precibus

154 2543 196 2606 ab
222 2538 327 2606 altero
356 2542 521 2630 impetrat,
549 2564 632 2618 uec,
655 2540 681 2603 si
708 2541 938 2629 superioribus
964 2539 1154 2604 reserantur
1180 2563 1239 2604 me

154 2659 351 2749 repperisse,
377 2655 536 2746 proximis
564 2653 644 2747 quid
671 2656 726 2720 liat
751 2653 847 2720 sacile
874 2654 1047 2748 intelligas.
1080 2657 1241 2746 Quapro-

152 2792 231 2866 pter
255 2791 288 2838 et
312 2771 390 2837 huic
416 2769 629 2838 incommodo
656 2790 689 2837 et
713 2770 853 2862 reliquis
879 2769 1125 2839 difficultatibus
1162 2796 1243 2836 ver-

153 2890 273 2953 borum
299 2886 398 2978 louge
428 2889 764 2979 corruptissimorum,
792 2913 810 2951 e
832 2888 952 2979 quibus
974 2911 1050 2952 sana
1071 2886 1142 2980 erui
1160 2910 1240 2951 sen-

128 2992 129 2996 *
154 3005 257 3068 sentia
282 3004 334 3068 vir
360 3025 458 3093 posse
485 3003 630 3095 cuipiam
655 3001 827 3083 videatur,
862 3003 904 3067 ite
931 3002 1177 3081 succurrimus,
1203 3018 1242 3065 ut

154 3116 245 3183 nulla
271 3115 517 3209 propemodum
543 3116 691 3183 litterula
718 3134 839 3182 motata
861 3119 894 3182 in
922 3117 1058 3209 paribus
1080 3141 1241 3181 versuum

154 3232 236 3298 locis
262 3229 402 3323 paucula
430 3231 595 3324 quaedam
619 3231 781 3298 excidisse
815 3233 1072 3324 suspicaremur:
1112 3231 1239 3323 quibus

155 3346 294 3439 quidem
331 3347 414 3413 locis
455 3350 623 3414 communi
658 3347 770 3440 aliquo
807 3374 881 3414 casu
920 3365 1094 3441 corruptas
1137 3347 1238 3412 luisse

61 3490 64 3497 ’
158 3461 286 3526 chartas
311 3461 381 3525 veri
409 3460 518 3535 simile
545 3463 594 3526 sit.
653 3465 762 3554 Atque
786 3467 922 3527 evenire
949 3487 989 3528 an
1013 3465 1168 3527 evertisse
1193 3486 1238 3525 an

157 3575 318 3665 obtigisse
353 3592 519 3668 praestet,
558 3576 710 3643 dubitare
734 3577 830 3645 licet:
869 3603 934 3670 ego
965 3597 1073 3644 autem
1107 3601 1238 3668 prouo-

154 3718 234 3759 men
252 3690 375 3758 accidit
396 3708 433 3756 ut
457 3693 523 3757 suis
550 3693 689 3758 inventis
718 3695 816 3760 etiam
834 3694 1016 3762 Grauertus
1033 3693 1238 3759 adhibuerit.

155 3809 325 3874 Sententia
348 3809 419 3900 ipsa
444 3808 519 3874 satis
545 3809 578 3872 in
606 3808 743 3875 Charini
767 3829 913 3878 mentem
939 3810 1104 3879 convenit.
1128 3796 1237 3876 'Nam

154 3920 224 4003 ille,
250 3923 398 4016 ambigo,
424 3925 550 4017 iuquit,
577 3941 684 3990 utrum
710 3951 727 3991 e
755 3925 904 4007 duobus,
932 3952 1016 4020 quae
1042 3951 1132 3993 nunc
1154 3927 1239 3992 mihi

155 4041 321 4119 eveniunt,
344 4039 471 4132 gaudiis
497 4040 759 4132 potius'tlicam3
785 4068 861 4109 natu
888 4045 947 4110 etsi
974 4042 1055 4110 nihil
1072 4068 1152 4108 saue
1179 4067 1240 4108 ett-

156 4156 298 4245 optatius
333 4157 441 4246 potuit
474 4154 788 4250 accidere,'quam
824 4159 914 4251 quod
945 4185 1034 4226 nunc
1067 4160 1134 4225 voti
1168 4160 1239 4224 mei

154 4286 341 4362 gnataeque
368 4289 444 4337 tuae
471 4296 608 4363 compos
633 4273 695 4354 sto,
731 4294 842 4341 tamen
875 4300 944 4342 uon
976 4275 1112 4342 minoris
1136 4279 1240 4342 aesti-

153 4408 221 4464 mo,
248 4384 339 4477 quod
366 4405 407 4466 tc,
436 4389 527 4454 cuius
555 4389 589 4453 in
609 4415 662 4454 me
684 4389 890 4462 voluntatem,
911 4393 1017 4457 minus
1033 4417 1132 4484 quam
1156 4390 1239 4458 olim

126 4598 128 4603 ,
154 4524 357 4593 propensam
383 4503 594 4594 suspicabar,
629 4530 696 4573 uun
721 4525 863 4574 mutasse
889 4509 1032 4574 animum
1059 4531 1239 4601 cognosco.

155 4615 281 4698 Quibus
310 4616 428 4684 auditis
454 4619 656 4712 Pamphilus,
679 4621 775 4702 iude,
802 4624 856 4703 ait,
883 4626 1010 4717 poteris
1035 4621 1240 4718 intelligere,
