2820 5332
458 688 493 736 n.
519 688 563 732 nn
588 685 717 757 terere
744 685 872 734 enters.
968 688 973 705 '¹
1161 669 1209 742 fill

74 910 76 919 .
112 880 178 922 nec
203 850 367 926 credibile
402 855 510 921 estin
535 853 592 922 teli
618 880 744 948 genere
770 855 917 924 Gellium
944 858 1054 952 ipsum
1076 858 1208 953 lapsn'm

114 994 195 1039 esse.
248 968 434 1052 Quaerenti
461 987 589 1050 nutent,
631 989 743 1037 nuum
776 971 834 1038 ille
867 974 1021 1064 posuisse
1045 975 1206 1060 videatur,

113 1109 182 1152 non
205 1082 325 1151 licebit
350 1084 428 1151 sotis
455 1101 524 1151 tuto
551 1085 617 1152 hoc
642 1105 837 1179 argumento
863 1088 931 1167 uti,
960 1088 1107 1181 quode.
1133 1090 1206 1166 526

117 1199 200 1291 Cep.
224 1220 387 1265 censores
413 1195 499 1264 nulli
523 1198 666 1265 luerint:
692 1224 837 1292 quornm
861 1203 897 1265 in
923 1200 979 1267 ills
997 1229 1110 1271 cnnsse
1129 1229 1207 1273 cen-

115 1330 162 1379 tes
187 1330 300 1403 partes
326 1311 430 1378 seinse
455 1337 529 1380 cnm
552 1312 663 1380 Gellio
690 1314 870 1406 Dionysius
896 1316 973 1383 Ant.
990 1318 1141 1400 Rornll,
1158 1302 1206 1390 ‘26

114 1426 262 1494 tradidit.
313 1428 385 1493 llee
411 1429 499 1493 enirn
524 1446 635 1520 partes
660 1429 779 1520 quales
806 1431 940 1510 luerint,
959 1420 1207 1522 perobscurum

114 1557 178 1624 est;
204 1557 250 1621 ut,
275 1530 305 1609 'si
328 1541 436 1632 Piglrii
458 1541 578 1611 Annul.
606 1541 669 1610 vol.
692 1543 733 1622 ll,
760 1569 795 1634 p.
824 1546 881 1623 95,
918 1545 1043 1612 Reislrii
1067 1550 1102 1612 in
1123 1547 1207 1614 Die·

112 1679 185 1746 nys.
211 1656 238 1734 l,
261 1681 295 1746 p.
315 1652 388 1723 6ἳο
413 1680 597 1748 corumque
623 1657 938 1738 iureconsultorum,
964 1684 1050 1753 quos
1069 1663 1205 1729 licinius

114 1771 181 1833 lur.
204 1770 287 1860 priv.
314 1771 408 1836 Rom.
448 1796 480 1862 p.
508 1771 583 1843 908
615 1791 867 1854 commemorat,
899 1794 1078 1864 praeterea
1108 1777 1206 1843 etiem

114 1885 290 1950 Fritzselrii
316 1880 405 1974 (lud.
430 1884 507 1952 leet
532 1887 688 1954 Rostoch.
717 1890 914 1958 eest.1835
937 1916 970 1980 p·
996 1883 1106 1982 deq.)
1127 1915 1206 1957 seu·

115 2001 232 2066 tentius
255 2024 447 2091 sequemur,
472 2025 540 2068 non
567 2004 609 2069 sit
631 2001 726 2081 levis,
750 2003 777 2068 si
804 2027 887 2070 vero
905 2003 1060 2095 Sevignyi
1084 2005 1205 2095 ipsius-

111 2139 179 2205 que
203 2115 324 2195 Reinii,
350 2114 442 2180 nulle
468 2117 605 2182 onmino
633 2117 679 2183 vis
706 2119 799 2182 istius
825 2119 1020 2210 argumenti.
1060 2116 1130 2184 Sed
1157 2137 1205 2184 te..

10 2240 16 2248 '
111 2253 190 2294 men
221 2227 359 2295 delendi
391 2254 610 2297 numerorum
636 2249 756 2312 notae,
788 2244 875 2324 quoe
902 2249 979 2298 sunt
1004 2256 1126 2313 nxxnr,
1160 2233 1204 2297 ite

114 2362 250 2435 queunt,
275 2361 311 2411 nt
334 2343 509 2411 consulum
536 2346 647 2437 potius
672 2348 806 2413 nomina
831 2371 872 2412 ex
897 2344 1024 2412 infelici
1050 2349 1204 2439 interpo-
1254 2421 1258 2428 ,

112 2457 236 2525 latione
261 2459 403 2526 oriunda
433 2478 601 2551 putentur.
653 2462 692 2525 Ei
724 2464 811 2527 enim
840 2464 1053 2529 coniecturae
1075 2464 1205 2555 Diony-

111 2572 153 2637 sii
178 2573 406 2640 testimonium
432 2573 527 2654 levet,
563 2576 621 2668 qui
646 2574 746 2668 longe
772 2575 842 2641 aliis
871 2575 1063 2642 consulibus
1089 2575 1217 2643 divor-¹

112 2688 194 2752 tium
221 2687 443 2754 Carvilianum
469 2690 629 2758 accidisse
655 2690 785 2782 prodit,
820 2691 868 2756 Μ.
893 2692 1081 2782 Pomponio
1105 2708 1140 2755 et
1165 2691 1203 2757 (2

111 2804 247 2896 Papirio
274 2803 306 2872 h.
335 2830 362 2870 c.
387 2805 461 2895 ipso
489 2805 547 2871 illo
575 2830 661 2874 antro
690 2807 761 2875 523
785 2806 900 2882 Varia,
937 2823 971 2870 et
996 2806 1039 2869 ite
1066 2802 1203 2895 quidem

113 2919 239 3011 prodit,
265 2937 302 2985 ut
325 2920 360 2984 iu
384 2945 421 2984 en
447 2923 582 2987 nomina
605 2920 732 2985 adiecta
756 2920 797 2984 ab
823 2921 987 3011 scriptore
1012 2935 1203 3009 temporum

112 3035 240 3101 notatio
278 3031 380 3126 plene
420 3032 585 3126 quudret:
622 3012 749 3100 lectum*
790 3034 879 3100 enim
912 3034 1037 3128 olymp.
1071 3055 1203 3101 cxxxvii

112 3150 167 3215 eit.
218 3151 289 3216 Nee
311 3148 380 3216 ullo
405 3148 508 3215 modo
533 3147 584 3215 vel
609 3149 762 3219 Valerius
786 3150 950 3215 Maximus
977 3150 1018 3229 ll,
1050 3144 1123 3229 t‚4
1149 3143 1203 3215 vel

112 3264 308 3331 Plutarchus
340 3264 461 3355 Comp.
492 3266 595 3330 Thes.
633 3284 668 3332 et
691 3269 785 3335 Rom.
813 3289 841 3330 c.
868 3267 890 3335 6
914 3283 947 3330 et
972 3267 1093 3354 Comp.
1119 3265 1200 3354 Lye.

110 3395 145 3446 et
174 3380 274 3446 Num.
307 3403 335 3445 c.
363 3384 385 3449 3
423 3398 627 3471 repugnent,
657 3404 800 3471 quorum
833 3377 892 3444 ille
929 3404 992 3470 per
1026 3404 1109 3457 nxx,
1145 3377 1203 3444 hic

112 3511 225 3561 cutem
240 3519 303 3585 per·
319 3519 405 3560 nxrr
421 3519 524 3560 annos
540 3495 629 3579 (nem
647 3483 846 3571 διακοσίοις
864 3512 1038 3586 peccatum
1053 3517 1123 3559 esse
1138 3517 1206 3585 pro

111 3611 367 3686 πεντακοσίοις
392 3596 531 3702 prorsus
551 3608 713 3676 credibile
730 3607 793 3695 est)
819 3608 998 3701 repudium
1018 3611 1106 3675 inter
1120 3632 1203 3702 uxo-

108 3750 182 3790 rem
207 3742 242 3791 et
264 3727 370 3790 virum
405 3723 572 3789 nullum
594 3726 821 3791 intercessisse
846 3741 973 3790 narrat:
995 3719 1083 3790 ,mm
1117 3723 1203 3791 illud

111 3837 249 3930 quidem
271 3837 366 3929 opud
390 3839 590 3931 Dionysium
615 3863 752 3932 quoque
777 3858 889 3906 certae
917 3838 1116 3931 olympiadis
1141 3862 1204 3935 no·

113 3953 230 4019 tationi
251 3950 393 4030 accedit,
419 3976 481 4019 nec
510 3954 673 4020 maiorem
690 3954 755 4020 vim
778 3952 889 4032 habet,
917 3978 1016 4045 quam
1034 3949 1126 4044 quod
1140 3951 1205 4016 ini-

111 4068 157 4133 tio
197 4092 271 4158 cap.
295 4068 317 4134 3
343 4065 401 4132 lib.
428 4069 476 4135 IV
502 4068 599 4133 'etiam
625 4067 755 4134 Gellius
782 4067 825 4132 de
852 4069 1052 4157 perlegeritis
1078 4080 1204 4130 tentum

112 4184 206 4247 annis
249 4182 414 4274 loquitur:
453 4182 649 4250 Plutarchus
681 4199 790 4248 eutem
828 4205 970 4246 numero
1004 4179 1133 4244 infinito
1156 4180 1204 4244 uti

110 4298 188 4362 satis
215 4298 343 4367 habuit.
394 4297 510 4390 ltaque
535 4317 572 4365 ut
596 4296 734 4363 redeam
756 4295 846 4362 unde
871 4320 1007 4362 exorsus
1035 4319 1122 4360 sum:
1151 4291 1204 4359 lu-

105 4411 235 4478 benter
258 4413 346 4479 hune
371 4412 593 4504 amplecterer
615 4413 814 4479 sententium
847 4427 946 4503 atque
973 4434 991 4474 e
1014 4407 1116 4476 Gellii
1141 4407 1202 4476 lib.

108 4527 158 4594 IV
193 4554 317 4594 annum
350 4529 654 4621 quingentesimum
686 4529 821 4594 tertium
856 4545 889 4594 ct
921 4526 1113 4619 vigesimum
1146 4549 1204 4591 re·

110 4641 322 4711 stituendum
350 4643 573 4712 existimarem
599 4641 687 4710 libro
703 4642 811 4724 XVII,
834 4641 897 4708 nisi
916 4639 1206 4733 nerdevr'gesimum
