2820 5332
1024 384 1029 391 ¹
1265 404 1275 423 a

432 683 598 724 nntuvuut
635 682 823 724 retentum.
1098 655 1168 726 547

87 875 153 943 quo
180 868 307 917 servato
334 851 441 916 minus
469 848 693 941 probabiliter
719 849 928 915 Ilm-mannus
953 873 1089 915 saevom
1112 875 1166 916 se-

89 990 210 1031 verum.
263 1001 299 1012 -
337 966 377 1031 V.
406 971 425 1035 7
463 965 504 1028 ab
532 967 722 1032 Hermanno
748 963 916 1030 adiectum
941 987 1006 1055 ego
1029 990 1169 1058 prorsus

89 1083 309 1147 necessarium
340 1106 412 1145 esse
440 1081 609 1145 neminem
636 1082 819 1172 praeteriit.
884 1079 1042 1146 Eiusdem
1076 1107 1171 1172 prue-

92 1197 180 1262 elatn
204 1196 435 1262 emendatione
466 1198 635 1287 proximus
655 1221 767 1262 versus
784 1197 970 1262 restitutus:
997 1198 1059 1262 nisi
1082 1195 1173 1288 quod

90 1336 107 1375 e
134 1310 294 1376 librorum
322 1312 487 1402 scriptura
516 1313 702 1377 omnium
727 1313 817 1376 Nam
840 1310 901 1401 pol
920 1309 1057 1402 placido
1083 1325 1117 1374 te
1140 1326 1174 1375 et

87 1428 246 1491 clementi
271 1450 344 1490 meo
379 1451 482 1516 usqua
511 1427 611 1492 modo
642 1444 679 1492 ut
703 1428 793 1492 volui
817 1451 895 1491 usus
920 1451 993 1491 sum
1018 1431 1055 1492 in
1077 1427 1172 1491 alio

86 1561 181 1609 recte
210 1544 309 1607 etiam
335 1566 374 1607 eo
400 1567 591 1634 pronomen
621 1541 872 1608 Lindemannus
899 1545 1049 1620 servavit,
1075 1567 1173 1634 quem

87 1659 121 1723 in
147 1659 209 1723 hae
237 1683 298 1722 una
325 1683 424 1724 scena
451 1684 524 1723 rara
558 1660 687 1725 fortuna
714 1682 807 1723 usum
847 1641 1023 1751 aliquoties⁸
1057 1682 1173 1723 verum

90 1772 212 1837 vidisse
242 1797 281 1839 eo
309 1776 412 1864 magis
431 1777 544 1855 miror,
572 1751 638 1866 quo
658 1799 732 1839 eum
756 1777 960 1865 compertius
978 1772 1088 1838 habeo
1110 1797 1173 1863 pet·

89 1886 255 1980 reliquam
291 1889 432 1954 sabulum
470 1893 654 1956 universam
690 1912 764 1954 suo
799 1888 936 1980 quidem
971 1886 1096 1954 iudicio
1123 1889 1175 1953 vix

91 2003 142 2066 bis
171 2022 261 2069 terve
285 2003 413 2094 aliquid
441 2005 638 2095 profecisse.
677 2007 873 2094 Quanquam
898 2028 942 2069 ne
965 2003 1008 2069 ita
1035 2002 1175 2094 quidem

89 2124 198 2211 potuit
223 2145 290 2186 non
317 2120 412 2186 simul
440 2124 473 2186 in
499 2122 626 2188 leuiore
654 2138 744 2186 certe
770 2145 808 2185 se
834 2142 989 2213 peccare:
1014 2144 1088 2184 nam
1105 2144 1174 2185 non

90 2238 137 2303 sic
163 2235 219 2303 illa
246 2238 493 2329 pronuntianda
520 2255 612 2304 sunt:
637 2231 798 2329 eousque
819 2234 917 2300 modo
937 2251 974 2301 ut
995 2235 1084 2302 volui
1096 2229 1174 2301 tisus

89 2376 163 2415 sum
186 2355 223 2415 in
249 2352 342 2429 alto,
381 2352 441 2418 sed
477 2354 510 2418 in
537 2353 809 2443 honorationem
835 2354 968 2442 potius:
1008 2374 1048 2415 eo
1072 2346 1174 2442 usque'

90 2465 189 2530 modo
213 2483 250 2531 ut
277 2467 367 2532 volui
387 2462 466 2533 ustis
487 2493 561 2532 sum
587 2472 624 2533 in
646 2467 727 2532 ulto.
786 2466 860 2531 Nee
886 2490 1032 2557 unquam
1058 2464 1173 2558 dacty-

89 2582 160 2648 lum
187 2582 340 2675 dactylus
364 2585 397 2647 in
423 2583 475 2648 his
501 2584 650 2648 versibus
678 2582 814 2673 excipit.
876 2582 1030 2648 Bothium
1063 2597 1174 2649 eutem

89 2706 212 2770 mirere
239 2722 352 2795 spreto
381 2704 588 2779 accusativo,
621 2726 723 2794 quem
750 2727 767 2768 e
794 2702 1025 2767 clementimeo
1050 2699 1173 2767 selicis-

89 2822 171 2884 sinte
193 2821 404 2885 Heumannus
432 2820 526 2895 eruit,
549 2816 745 2908 praetulisse
763 2816 900 2908 placido
923 2832 956 2882 te
972 2833 1006 2882 et
1028 2816 1173 2881 clemen-

90 2939 126 3014 ti,
154 2935 268 3001 tulisse
292 2951 400 2998 autem
429 2936 580 3026 ineptum
608 2955 699 2998 meo
726 2957 828 3027 usque
855 2931 1027 2999 niodo.-
1053 2934 1083 2998 A
1109 2932 1170 3001 v.9

89 3052 254 3141 graviores
282 3050 399 3115 turbae
426 3051 600 3141 incipiunt.
656 3047 755 3114 Tales
791 3050 882 3114 enim
909 3050 943 3113 in
965 3049 1089 3116 Vetere
1114 3073 1169 3115 co-

62 3223 65 3228 .
89 3164 165 3231 ‹liee
191 3166 334 3256 proximi
361 3189 475 3229 versus
503 3180 646 3230 exstant:

186 3277 298 3371 Atque
324 3277 413 3344 lianc
439 3295 533 3344 tuam
557 3279 705 3368 gloriam
727 3282 795 3343 iam
808 3294 892 3344 ante
911 3278 1049 3345 auribus
1071 3306 1168 3347 aece-

527 3417 647 3485 peram
670 3411 704 3459 et
730 3393 853 3460 nobilis
883 3421 969 3487 apra
1001 3397 1168 3474 homines,

184 3509 395 3602 Pauperibus
410 3578 415 3590 ,
430 3526 464 3574 te
490 3534 635 3599 parcere
660 3511 814 3591 solitum,
848 3509 971 3578 divites
1000 3513 1168 3580 damnare

531 3643 633 3718 atque

184 3746 335 3810 Domare
360 3792 368 3807 .
395 3741 453 3809 abi
476 3741 578 3807 laudo
604 3746 670 3808 scis
696 3742 874 3808 ordinent
898 3760 1067 3835 aequunct

164 3861 352 3924 Tractare
386 3859 538 3923 ltomines
573 3906 580 3923 .
615 3858 679 3923 ltoc
712 3856 765 3922 dis
796 3855 965 3947 dignuust
991 3905 1000 3924 .
1033 3882 1165 3952 semper

532 3971 695 4036 mendicis
719 3970 865 4035 modesti
886 3974 966 4035 sint.

185 4086 291 4155 Fidus
313 4092 424 4172 fuisti
457 4086 599 4178 infidum
631 4109 704 4151 esse
733 4089 863 4150 iterant
890 4135 897 4150 .
921 4109 1001 4150 num
1037 4110 1163 4180 apsque

522 4204 627 4288 foret
651 4215 723 4264 stat
744 4205 814 4265 scio
837 4205 875 4265 in
899 4201 970 4266 alto

184 4320 438 4384 Distraeisseut
459 4314 577 4407 disque
603 4315 759 4379 tulissent
781 4315 946 4382 satellites
961 4319 1014 4381 tui
1031 4341 1083 4382 me
1103 4341 1165 4384 tut-

524 4453 636 4496 serum
652 4429 766 4516 foede
794 4457 822 4497 e.
851 4459 882 4525 q.
909 4458 934 4498 s.

85 4552 116 4616 A
148 4571 214 4643 quo
255 4545 410 4638 exemplo
443 4549 476 4613 in
509 4547 560 4612 his
598 4562 723 4612 tantum
758 4549 954 4615 Decurtatus
990 4545 1169 4643 discrepat,

86 4664 178 4759 quod
207 4691 234 4732 v.
265 4669 279 4728 1
323 4663 426 4729 hebet
451 4660 580 4728 nobiles
606 4660 715 4752 apud,
752 4688 779 4729 v.
802 4666 824 4732 2
850 4662 1058 4756 dampnare,
1091 4690 1120 4733 v.
1146 4666 1168 4734 3
