2820 5332
432 694 454 737 s.
480 697 523 737 aa
550 696 666 739 enarra
695 697 821 740 roerar
849 699 1040 745 sommare.
1223 678 1269 745 ‘23

180 896 269 964 pisae
292 873 360 962 ipsi
373 872 546 958 fererant
571 888 605 936 et
620 871 817 938 'incidenda
853 897 914 939 sno
946 875 1099 964 sepulcro
1126 875 1268 964 relique-

182 1001 285 1061 rant,
319 988 501 1053 memoriae
523 986 685 1078 prodidit.
710 1024 755 1038 -
791 990 849 1053 llis
881 991 957 1080 qnia
988 989 1120 1055 taaadem
1147 989 1271 1063 fieret?

184 1136 228 1151 —
268 1103 345 1168 ¹Non
375 1103 484 1192 potnit
514 1100 686 1168 mehercle
718 1104 898 1196 quiequam
934 1106 1034 1195 magis
1070 1129 1088 1168 e
1119 1130 1157 1170 re
1186 1129 1271 1183 esse,

183 1242 282 1309 ‘1⁰⁰⁰‘
309 1214 404 1308 quod
429 1215 573 1306 primum
600 1219 750 1310 inspecta
771 1219 883 1284 Lienis
909 1219 1121 1284 annotatione
1146 1216 1196 1286 M.
1232 1217 1273 1282 il-

180 1328 242 1397 lad
267 1331 387 1398 Plana
409 1334 537 1399 nomini
562 1335 781 1424 premissum
806 1335 923 1400 abesse
949 1335 1157 1400 aveteribus
1172 1330 1273 1400 Gellii

156 1443 399 1525 'editionibus
421 1465 492 1513 tum
511 1447 589 1527 item
608 1448 726 1514 abesse
742 1447 1024 1515 aVintlobonensi
1040 1444 1158 1513 codiee
1183 1471 1275 1513 corn-

184 1561 270 1649 peri.
321 1561 374 1626 De
400 1560 551 1652 reliquis,
589 1586 731 1654 qnorum
758 1587 857 1652 snpra
884 1562 1088 1627 mentionem
1114 1559 1191 1637 saei,
1219 1581 1277 1624 eo·

185 1673 317 1741 dinibus
352 1677 416 1740 etsi
453 1677 671 1743 vehementer
705 1675 805 1742 dolon
832 1702 849 1740 e
874 1675 1034 1742 Dresselii
1059 1677 1165 1766 copiis
1192 1670 1275 1738 nilsil

185 1816 202 1854 a
229 1814 284 1855 me
307 1810 515 1882 excerptum:
551 1816 676 1883 nempe
705 1791 816 1884 qnod,
842 1817 944 1884 quem
970 1790 1006 1857 id
1029 1816 1124 1857 usum
1147 1790 1276 1856 habere

186 1923 309 1995 posset,
332 1908 470 1973 minime
495 1926 563 1974 tum
589 1909 804 1999 suspicabar:
840 1894 949 1972 tannen
986 1908 1066 1998 qnin
1091 1931 1166 1971 eum
1194 1907 1277 1972 Vin-

188 2019 378 2088 dnboaensi
404 2023 453 2087 eis
479 2025 653 2089 conveniat
670 2019 716 2106 *),
740 2047 779 2089 eo
804 2048 894 2088 nane
921 2023 1027 2086 minos
1055 2021 1182 2101 dubito,
1208 2045 1276 2113 qno

187 2134 390 2226 exploratius
413 2136 521 2204 babeo
546 2162 608 2230 per
635 2154 720 2204 totas
746 2122 870 2205 Noctes
896 2162 970 2202 snas
1007 2160 1168 2227 nusquam
1196 2135 1278 2200 Get.

187 2248 267 2315 liam
292 2254 511 2341 praenomine
537 2272 670 2344 pectam
695 2253 898 2318 Sarsinatenr
927 2249 1133 2343 appellasse,
1163 2276 1206 2315 ne
1241 2251 1278 2316 in

187 2367 327 2435 aliornm
369 2368 507 2461 quidem
549 2371 804 2462 praenominum
846 2368 1095 2460 propinquitate
1138 2390 1275 2432 sumana.

118 2568 129 2575 ·
190 2481 254 2561 Sia,
276 2502 313 2548 nt
339 2483 502 2575 exemplis
530 2502 611 2563 ntar,
637 2483 695 2550 lib.
721 2484 817 2548 xvll
846 2483 952 2573 capite
976 2485 1020 2547 ‘21
1049 2498 1131 2545 extr.
1156 2481 1197 2549 L.
1218 2478 1279 2545 Lt‘-

191 2603 290 2673 viam,
310 2602 351 2688 Q.
365 2598 529 2674 Ertaiarm,
554 2597 607 2668 M.
632 2602 838 2673 Varronem,
867 2601 929 2665 Cn.
943 2598 1122 2670 Naevium,
1138 2592 1189 2664 M.
1210 2597 1279 2661 Co-

190 2731 305 2779 tonea:
332 2732 367 2778 et
390 2711 600 2781 Plantam
625 2717 840 2790 consociavit,
872 2713 896 2780 l.
923 2711 1004 2776 XIX
1042 2737 1069 2779 c.
1097 2707 1192 2778 8M.
1220 2710 1279 2775 Ci-

190 2853 372 2904 ceronem,
402 2830 439 2894 C.
466 2830 673 2904 Caesarem,
699 2829 923 2904 Plautum,
962 2827 1003 2911 Q.
1029 2825 1195 2898 Eirist'nm,
1228 2818 1278 2888 M.

190 2944 403 3012 Varronem:
436 2964 473 3011 nt
496 2947 622 3012 mittam
648 2943 722 3009 alia.
774 2945 862 3031 Ergo
890 2938 932 3005 ad
959 2936 1136 3031 prologum
1161 2936 1280 3002 Asina-

190 3062 260 3126 riae
285 3058 421 3128 redacta
447 3086 500 3126 res
527 3079 609 3126 erat.
659 3060 753 3124 lbine
784 3059 883 3148 igitar
921 3055 1082 3121 librorum
1112 3075 1279 3117 consensa

190 3200 323 3240 marens
347 3175 497 3268 legitur?
537 3176 641 3239 Immo
668 3198 712 3239 ne
739 3198 806 3238 uno
833 3169 969 3264 qnidam
994 3166 1078 3234 illud
1105 3164 1278 3258 proditam

192 3306 260 3370 est,
292 3291 355 3355 nisi
391 3288 484 3380 qnod
522 3315 540 3356 e
576 3291 706 3355 recenti
736 3304 930 3353 correctura
954 3286 988 3350 in
1014 3283 1192 3348 Etruscam
1218 3303 1281 3343 no-

189 3423 291 3470 stram
319 3405 457 3495 irrepsit
482 3430 546 3496 pro
572 3429 613 3471 eo
642 3402 735 3496 qnod
759 3420 857 3469 antea
884 3416 956 3467 erat
981 3419 1138 3461 arastes:
1162 3393 1197 3458 in
1225 3420 1294 3494 aas

190 3544 256 3610 qne
277 3520 350 3610 ipsa
376 3518 482 3586 forma
509 3521 721 3586 consentiunt
753 3534 819 3582 tres
844 3513 985 3581 Palatini
1011 3509 1102 3602 apud
1130 3512 1280 3587 Parenta,

192 3632 465 3701 Vindobonensis
491 3633 658 3711 Sambnci,
682 3633 862 3724 Lipsiensis
887 3654 962 3696 cnm
989 3627 1138 3720 cognatis
1161 3643 1198 3690 nt
1220 3646 1282 3715 op·

192 3749 274 3814 tirno
286 3747 456 3828 Medicas,
483 3750 644 3841 princeps
671 3747 792 3829 editio,
817 3743 870 3813 M.
884 3742 1022 3817 Accius,
1048 3739 1140 3834 qnod
1159 3766 1177 3805 a
1193 3740 1288 3805 Gro-

194 3878 264 3928 tero
291 3865 459 3929 invectum
482 3865 607 3928 Parens
634 3864 774 3953 recepit,
801 3859 936 3924 affertur
963 3855 1187 3947 eLongianis,
1211 3875 1284 3915 ara-

192 4002 250 4042 cos
275 3957 388 4044 antem
416 3997 467 4044 est
492 3979 528 4042 in
552 4002 619 4043 nno
637 3976 784 4042 Palatino
799 3977 906 4052 Porci,
931 3996 997 4065 qno
1025 3970 1165 4064 propius
1184 3963 1285 4033 etiam

192 4091 235 4157 ad
263 4094 373 4186 ipsam·
410 4094 582 4160 veritatem
613 4090 719 4159 Vetus
754 4089 937 4156 Comes-arii
972 4085 1119 4161 aceedit,
1153 4084 1189 4145 in
1216 4100 1284 4171 qno

195 4232 365 4274 maccus
404 4226 500 4275 extat.
551 4210 610 4274 His
649 4226 761 4274 antem
795 4204 959 4271 librorum
991 4198 1138 4292 vestigiis
1175 4194 1285 4261 alione

195 4321 272 4391 ‹lnoi
300 4323 490 4392 videbimur
514 4324 577 4390 nisi
604 4321 647 4388 ad
672 4323 758 4388 hane
780 4321 993 4410 scriptoram:

292 4438 513 4532 Demophilus
536 4440 685 4529 scripsit,
718 4431 900 4506 Maccsa'
928 4436 1032 4496 vortit
1059 4429 1285 4495 borbore-9

246 4680 277 4742 ⁶)
293 4677 326 4731 tn
344 4680 467 4730 caavaan
482 4693 545 4731 sene
564 4677 656 4744 nogia.
