2820 5332
68 37 1379 300 u

593 669 814 723 succursum.
1170 644 1241 718 ⁴29

149 864 214 927 rus
240 838 388 909 eddidit.
427 865 525 932 qnam
558 844 633 946 ium!
651 841 835 934 geminaret
864 842 1086 910 Camerarius.
1149 845 1240 910 Pers.

161 957 200 1034 V,
227 959 259 1029 Q,
279 957 354 1023 ‘23st

260 1064 375 1136 Lrirlos
402 1093 454 1134 nte
465 1066 614 1156 fdcitr's,
638 1067 812 1160 intellego.

158 1185 241 1250 Rud.
261 1187 407 1264 11,5,13
435 1187 538 1252 Vetus
561 1185 646 1253 cod
672 1185 761 1272 (nam
787 1189 821 1264 in
847 1189 1039 1264 Decurtnto,
1061 1187 1241 1278 Lipsienri

161 1302 316 1393 Principe
344 1302 399 1366 hic
424 1300 587 1394 quaedem
608 1299 761 1385 desumi:

155 1467 159 1473 ·
258 1421 433 1508 Nusquam
456 1411 570 1483 lre'rcle
601 1417 755 1510 equidem
779 1418 871 1513 illum
898 1412 1024 1485 rideo:
1059 1414 1156 1483 ludos
1189 1413 1239 1483 me

324 1588 328 1595 .
739 1537 849 1622 fucit·

156 1647 314 1714 Pseudoli
339 1649 397 1727 IV,
423 1652 455 1728 7,
483 1650 604 1741 71qu

259 1764 293 1831 S.
318 1760 591 1855 'Exploratorem
616 1757 706 1831 luins
717 1768 897 1852 faciamus
931 1760 1027 1833 ludos
1058 1757 1241 1858 suppositi·

751 1884 849 1947 cium.

259 1992 298 2063 B.
323 1991 443 2071 'Ades
464 1995 623 2062 dorricum
649 1993 741 2088 ipsus
764 2022 838 2062 sese
864 1989 961 2061 laidus
975 1995 1065 2088 fieri
1077 1991 1240 2064 senserit:

162 2138 303 2204 quorum
332 2115 444 2204 priore
471 2138 566 2178 versu
602 2110 699 2178 ludos
727 2114 870 2179 coniecit
901 2113 1081 2178 Lambinus
1109 2131 1142 2178 ct
1166 2132 1241 2181 unte

163 2253 236 2292 eum
262 2227 331 2292 eius
359 2227 562 2294 recensionis
588 2244 720 2306 auctor,
746 2252 845 2320 quem
860 2227 1040 2318 Lipsiensis
1065 2226 1173 2294 codex
1194 2247 1241 2295 te-

160 2362 237 2409 net:
261 2342 384 2434 reliqui
410 2342 487 2407 libri
514 2341 602 2407 ludo·
658 2341 729 2410 Sed
755 2341 835 2408 ludo
844 2346 973 2429 fucere
986 2342 1132 2436 aliquem
1146 2343 1241 2409 Plau-

87 2467 92 2485 ·
161 2476 210 2524 tus
236 2458 313 2524 alibi
341 2482 409 2524 non
436 2459 536 2550 ungis
560 2457 653 2537 dixit,
679 2484 778 2550 quam
804 2458 919 2524 ludum
934 2458 1079 2548 aliquem
1095 2461 1240 2545 facere:

160 2575 286 2640 tametsi
310 2574 346 2637 *in
370 2574 503 2665 Argum.
527 2571 675 2640 Mosteil.
704 2577 724 2643 7
751 2572 875 2668 legitur

256 2682 436 2779 Ludrisque
462 2712 595 2754 rursum
608 2685 666 2777 fit
689 2712 813 2756 senex:

160 2806 217 2871 ubi
242 2807 361 2870 mirum
390 2807 499 2870 estin
531 2807 713 2873 Decurtuto
754 2804 957 2898 (quenquam
984 2803 1018 2870 in
1042 2804 1107 2872 hoc
1133 2804 1239 2870 erubi-

159 2920 257 3016 gue)‚
289 2922 471 3012 Lipsiensi,
511 2921 690 3012 Principe,
729 2923 877 3013 itemque
904 2945 922 2985 u
947 2943 1047 2986 manu
1071 2921 1179 3012 prima
1205 2919 1240 2984 in

158 3039 281 3103 Vetere
308 3036 375 3129 legi
403 3031 579 3129 inuitisque,
618 3033 712 3128 quod
745 3059 813 3101 uon
839 3037 949 3103 habeo
984 3035 1154 3129 quomodo
1182 3061 1240 3101 ex-

160 3151 305 3243 plicem,
328 3153 391 3217 nisi
417 3170 453 3218 ut
479 3176 519 3217 ex
545 3150 762 3217 vetustissime
790 3149 921 3244 linguae
948 3169 1054 3217 aetate
1080 3170 1240 3242 repetam,

161 3268 252 3332 cuius
278 3291 346 3331 non
371 3265 455 3333 adeo
483 3292 587 3358 panca
619 3267 751 3358 vestigia
778 3268 810 3331 in
839 3267 971 3358 optimis
997 3264 1090 3331 libris
1117 3265 1240 3332 Plauti·

163 3385 213 3446 nis
241 3381 399 3451 resident.
461 3381 531 3449 Sed
557 3399 747 3474 argumenta
770 3380 910 3474 quidem
935 3383 1118 3449 acrostichu
1144 3381 1256 3448 Plau·'

160 3500 235 3564 tinis
262 3497 381 3563 sabulis
407 3499 599 3590 praemissu,
626 3496 724 3589 quale
743 3495 828 3563 illud
842 3516 891 3565 est
906 3498 1139 3578 Mostellsrine,
1165 3500 1238 3592 quis

161 3613 292 3679 tandem
320 3611 442 3679 adduci
468 3614 594 3705 poterit
618 3632 654 3680 ut
678 3638 753 3680 cum
776 3614 892 3706 Lingio
914 3615 1045 3698 Quaest.
1071 3613 1177 3680 Plaut.
1203 3640 1236 3706 p.

161 3732 202 3796 ‘tt
233 3755 281 3820 sq.
308 3730 348 3793 ab
376 3730 448 3820 ipso
475 3728 589 3796 Plauto
615 3728 765 3820 prosectu
793 3725 971 3811 credat*)?
1021 3727 1154 3793 Plautus
1179 3752 1237 3792 au-

160 3859 225 3907 tern
253 3869 351 3933 «luam
378 3843 476 3910 suerit
509 3843 543 3908 in
569 3843 635 3910 hoc
661 3868 781 3934 genere
808 3860 905 3908 tenax
932 3841 1069 3933 pluralis
1096 3843 1237 3919 numeri,

162 3984 202 4023 ex
229 3958 289 4021 elia
318 3985 451 4050 quoque
476 3958 638 4052 loquendi
664 3958 767 4024 forms
795 3975 937 4048 apparet
959 3956 1000 4022 ed
1016 3955 1115 4036 illius,
1138 3982 1237 4048 quum

162 4074 378 4147 tractavimus,
406 4072 656 4141 similitudinem
683 4073 774 4140 sactu.
826 4071 988 4139 Rudentis
1015 4072 1102 4139 eninr
1130 4073 1188 4152 111,
1205 4074 1238 4152 5,

165 4191 208 4255 12
234 4188 332 4254 dixit:

260 4303 300 4370 Si
326 4299 359 4369 τὲ
382 4328 452 4369 uon
478 4304 575 4371 ludos
592 4301 764 4398 pessumus
789 4296 966 4369 dimisero:

159 4419 203 4483 its
231 4421 318 4484 enim
341 4444 405 4511 pro
428 4444 498 4487 uon
525 4437 559 4486 te
584 4424 810 4515 transponitur
832 4422 866 4486 in
880 4419 1110 4487 Ambrosiuno.
1142 4420 1237 4486 Eius-

371 4597 452 4608 u·—

214 4685 238 4755 ⁸)
258 4683 322 4736 Vide
340 4683 406 4738 Diss.
421 4683 475 4738 ΙΙΙΙ.
