2820 5332
420 667 668 713 reseruemus
695 667 885 711 rusvrmtr.
1082 700 1084 705 ⁴
1114 640 1185 714 457
1247 651 1250 656 ’

109 858 334 908 temerantes
370 842 492 906 iecerat
525 867 590 906 nee
625 860 738 933 postea
777 840 845 907 ullo
876 839 975 905 modo
1009 857 1117 906 tenet:
1156 857 1189 905 at

108 960 192 1026 illud
219 959 391 1036 convenit,
426 958 661 1022 asseverantius
691 959 805 1022 iterata
835 954 937 1021 altera
975 958 1188 1055 partelprius

113 1074 277 1140 dictorum
321 1071 408 1156 (non
441 1069 516 1154 det)
553 1070 672 1136 callide
715 1071 883 1136 declinare
924 1072 1188 1162 responsionem.

111 1192 151 1255 V.
178 1187 225 1259 69
247 1213 331 1279 quae
361 1186 550 1275 vulgantur:
585 1186 711 1255 Vrbem
736 1186 816 1251 exul
840 1186 1110 1279 linqnatfeetus
1136 1185 1190 1250 liic

111 1328 214 1369 carisa
240 1307 311 1375 tui,
344 1326 411 1366 nou
439 1296 552 1366 hercle
579 1300 676 1366 latina
703 1319 800 1381 suut,
823 1300 884 1366 sed
910 1302 1059 1366 barbara.
1121 1302 1191 1365 Nec

112 1421 165 1484 hic
190 1421 223 1482 in
250 1419 374 1482 Vetere
398 1415 515 1482 codice
543 1435 601 1494 est,
628 1417 686 1482 sed
713 1419 821 1508 ipsum
844 1440 911 1508 quo
937 1418 986 1480 usi
1013 1440 1122 1482 sumus
1144 1418 1192 1479 ris

112 1553 188 1626 post
214 1533 371 1600 lacunam.
422 1532 549 1598 Versus
568 1535 614 1600 70
635 1531 906 1624 supplementum
925 1533 1193 1599 Camerarianum

114 1651 224 1738 (Quoi
247 1665 374 1713 sortem
402 1652 457 1712 vire
482 1647 567 1712 dere
592 1646 738 1730 licebit),
771 1665 807 1713 ut
842 1647 884 1713 de
917 1646 1026 1714 dativo
1057 1646 1115 1712 illo
1142 1663 1192 1710 ta·

114 1791 225 1842 ceam,
259 1789 326 1831 nou
353 1765 455 1855 magis
478 1781 620 1828 metrum
648 1762 749 1826 habet
771 1788 870 1854 quam
898 1760 990 1855 quod
1015 1762 1122 1827 versui
1145 1765 1192 1834 68

114 1880 266 1945 adhibuit
289 1891 351 1969 tan
376 1883 480 1942 meris
508 1895 545 1943 ut
570 1878 614 1943 al.
640 1875 752 1963 ahs.)
775 1880 892 1942 Trium
916 1875 1103 1943 litterarum
1116 1903 1193 1968 spa-

115 1999 195 2061 tium
222 2012 311 2061 recte
338 1993 522 2086 explevisse
548 1995 697 2085 reposito
734 1992 949 2084 pollicebitur
973 1994 1075 2059 verbo
1101 1991 1196 2059 vide-

114 2135 205 2176 mur:
228 2109 320 2201 quod
347 2111 400 2174 sie·
420 2122 584 2174 exaratum
608 2101 789 2200 pollicebif
812 2110 945 2200 peperit
970 2105 1193 2172 palatinorum

117 2228 315 2317 scripturam
345 2241 508 2290 sortem..
524 2270 533 2288 .
550 2223 676 2289 licebit:
712 2249 787 2289 nam
814 2240 941 2288 sortem
971 2227 1085 2313 potius
1110 2223 1191 2287 liee-

115 2340 164 2406 bit
188 2343 222 2405 in
248 2338 327 2406 solis
352 2358 400 2405 est
424 2340 561 2405 noviciis
584 2338 678 2404 libris
702 2336 926 2430 interpolatis-¹
967 2339 1039 2405 Nee
1065 2336 1126 2402 det
1143 2335 1196 2402 di-

117 2457 171 2534 cit,
197 2482 262 2522 uec
288 2454 393 2535 debit,
417 2481 454 2521 ac
481 2481 522 2519 ne
546 2454 725 2545 pollicetur
751 2453 899 2545 quidem,
923 2451 983 2519 sed
1002 2453 1194 2546 exquisitius

118 2575 215 2638 etiam
240 2570 439 2637 levissimum
465 2573 611 2637 omnium
631 2568 857 2662 pollicebitur.

214 2686 268 2752 Ad
294 2688 352 2764 ΙΙΙ,
379 2692 413 2767 2,
438 2683 596 2764 revertor,
623 2685 712 2751 umle
738 2684 843 2764 illum,
871 2683 913 2750 de
936 2709 1002 2777 quo
1030 2708 1195 2777 quaerere

116 2804 332 2880 instituimus,
367 2828 498 2869 versum
532 2803 565 2866 iu
592 2803 650 2880 ΙΙΙ,
680 2809 694 2869 l
735 2802 943 2868 Camerarius
972 2799 1195 2869 transtulerat.

116 2920 199 2984 Nam
226 2945 269 2985 ne
296 2919 365 2985 illic
392 2918 528 3011 quidem
555 2915 730 2983 serendum
759 2941 830 2982 esse
858 2942 933 2984 eum
955 2933 1051 2982 antea
1071 2915 1197 3010 signifi·

117 3037 269 3113 oavimus,
298 3054 366 3101 tum
385 3033 490 3129 multo
520 3031 703 3099 evidentius
730 3056 858 3122 eorum,
884 3034 1090 3126 quibuscum·
1106 3029 1197 3097 iuli-

118 3153 188 3216 hris
215 3176 291 3217 mss.
318 3152 445 3218 iunctus
473 3151 714 3230 est,-ratioues
738 3150 921 3216 accuratius
947 3173 1110 3242 expensae
1134 3146 1197 3216 do·

118 3285 202 3333 cent.
254 3269 402 3350 Quorum
428 3268 512 3333 haee
538 3283 587 3332 est
611 3290 641 3329 m
668 3264 822 3331 Palatinis
844 3266 992 3357 species:

166 3385 212 3452 30
243 3381 335 3473 Quid
355 3386 432 3473 agis
488 3403 544 3448 ru.
570 3381 739 3446 hominem
768 3396 939 3473 optumum
966 3383 1198 3447 teneonamiee

647 3499 747 3582 facis

167 3615 211 3683 31
246 3615 356 3704 Quom
381 3635 433 3677 me
458 3611 587 3677 [aridas.
627 3635 683 3679 rr.
708 3611 806 3679 decet
832 3629 924 3680 certe
958 3635 1006 3683 sl.
1033 3613 1145 3679 hercle
1161 3629 1196 3680 te

206 3731 210 3741 ⁴
655 3714 763 3795 liabeo
789 3729 856 3795 ban

170 3847 217 3913 3⁶2
238 3843 373 3913 Bonum
399 3862 500 3912 teneo
525 3870 658 3912 servom
684 3891 965 3915 .........

242 3962 308 4026 Eia
333 3966 495 4052 mastigia
520 3960 568 4026 ed
591 3983 644 4025 me
665 3959 835 4025 redieram
862 3961 938 4023 istie
969 3981 1028 4022 ero

166 4077 212 4143 33
243 4076 335 4166 Quid
359 4103 450 4143 nene
471 4102 571 4169 qttam
596 4099 684 4140 mox.
709 4096 813 4142 stne.
840 4071 923 4166 quid
946 4089 1008 4140 est.
1037 4095 1091 4140 rr.
1107 4073 1200 4165 quod

653 4190 739 4255 solet
752 4187 850 4277 sieri.

168 4305 215 4377 34
240 4331 286 4376 st.
313 4309 378 4374 Dic
402 4354 954 4378 ..................
980 4304 1064 4397 quid
1087 4305 1125 4372 id
1145 4322 1198 4374 est

120 4426 182 4488 nisi
209 4422 301 4514 quod
326 4424 359 4486 in
392 4425 570 4490 Decurtato
606 4441 655 4489 est
685 4420 850 4486 melotidis
884 4446 946 4513 pro
979 4444 1031 4486 me
1064 4420 1197 4496 luridas,

119 4541 234 4607 Etiam
258 4541 386 4628 astigia
411 4538 532 4604 adme
558 4538 651 4604 redie
676 4562 731 4602 am
754 4565 781 4603 v.
809 4555 950 4631 quarto,
986 4556 1020 4604 et
1039 4537 1107 4604 Hic
1136 4561 1196 4628 pro

119 4660 194 4727 Dic.
245 4656 360 4724 Statim
391 4671 533 4749 apparet
563 4655 682 4724 horum
711 4656 844 4722 tertium
871 4679 1024 4724 versuum
1049 4651 1200 4721 mutilum
