2820 5332
227 729 297 802 654
538 758 579 799 ιιι.
630 756 672 799 oe
699 756 990 801 {rasarone-noun

226 926 352 1022 gitandi
385 928 545 992 rationem
581 951 662 992 esse.
721 928 860 1018 Itaque,
899 928 1053 1020 qnoniam
1092 925 1125 989 in
1163 923 1318 991 ultimum

226 1068 356 1110 versum
381 1042 543 1137 glossema
572 1041 750 1134 irrepsisse
769 1044 1008 1110 Ambrosianus
1033 1058 1206 1120 monstrat,
1231 1040 1319 1125 (sire

226 1163 320 1250 gerit
341 1164 409 1224 sive
433 1175 520 1248 agat
544 1159 586 1223 ab
600 1160 788 1250 interprete
811 1158 1000 1251 profectum
1022 1154 1104 1241 estt)
1131 1154 1221 1221 hand
1243 1159 1317 1224 seio

227 1299 268 1340 eu
295 1297 334 1340 eo
361 1274 436 1365 ipso
471 1273 677 1366 glossemate
704 1275 842 1365 pristina
869 1274 970 1340 simul
994 1271 1154 1366 particula
1180 1291 1318 1338 extrusa

227 1390 285 1468 sit,
324 1390 360 1454 in
387 1392 534 1480 margine
566 1407 673 1454 autem
707 1393 848 1481 ascripta
885 1408 998 1481 postea
1031 1390 1238 1482 superiorem
1277 1389 1316 1452 in

227 1530 356 1570 versum
382 1506 545 1570 invaserit.
599 1506 667 1569 Hae
693 1507 793 1594 igitur
819 1531 872 1572 me
899 1531 1032 1572 caussae
1058 1520 1248 1580 moverunt,
1280 1521 1317 1570 ut

228 1644 328 1711 supra
364 1619 450 1684 lianc
482 1643 594 1683 versus
629 1620 777 1709 speciem
819 1643 1044 1711 proponerem
1076 1638 1112 1684 ut
1145 1644 1160 1681 a
1193 1615 1314 1683 Plauto

231 1733 434 1826 proiectam:

325 1845 407 1927 Pol,
434 1871 628 1940 aaronquum
657 1848 750 1914 domi
772 1843 884 1939 cupio,
911 1853 1085 1941 opperiar:
1126 1874 1227 1941 priam
1256 1844 1313 1914 iric

603 1988 675 2027 rem
699 1982 798 2054 agat,
823 1966 923 2030 simul
946 1964 1096 2029 tiniarum
1121 1965 1315 2030 adnarrant.

228 2081 310 2146 Nam
339 2078 435 2144 simul
464 2078 610 2145 eundem
647 2079 813 2144 hominem
841 2099 873 2146 et
896 2083 1046 2172 opperiri
1075 2080 1159 2146 velle
1189 2100 1221 2146 et
1249 2082 1313 2144 ob-

229 2219 372 2272 servare,
398 2193 433 2259 id
459 2218 539 2260 vero
567 2194 649 2259 nihil
674 2194 726 2260 vel
748 2197 864 2260 absoni
888 2196 987 2261 habet
1014 2195 1066 2260 rel
1093 2194 1312 2261 incommodi.

326 2313 379 2376 De
404 2334 493 2374 nexu
519 2327 625 2375 autem
646 2313 881 2376 senteutiarum
901 2312 1068 2402 perhanc
1089 2337 1218 2378 scenam
1240 2337 1317 2378 sese

232 2428 469 2519 excipientium
497 2453 538 2492 ne
565 2428 647 2518 quid
674 2427 886 2493 dubitationis
916 2428 1138 2520 relinquatur,
1172 2430 1218 2493 sic
1252 2429 1316 2491 ha-

228 2545 321 2609 beto.
372 2541 569 2608 Charmides
598 2546 688 2609 enim
717 2545 866 2610 Praeter
891 2531 1021 2608 ceteros
1047 2546 1090 2609 ait
1118 2543 1187 2623 tibi,
1214 2544 1315 2634 Nep-

231 2674 321 2735 tune,
344 2661 480 2747 gratias
496 2681 579 2747 ago,
604 2682 702 2751 quiem
729 2684 802 2723 cuni
826 2662 995 2723 contrauni
1018 2658 1188 2723 leontinum
1202 2661 1315 2743 fastra

230 2796 366 2837 saeviam
393 2789 427 2838 et
442 2773 740 2838 immisericordem
762 2779 977 2863 accepissem,
1005 2778 1040 2839 in
1064 2799 1115 2838 mo
1142 2775 1252 2839 lencm
1279 2789 1316 2836 ct

232 2887 417 2977 benignum
443 2892 507 2953 sim
530 2905 699 2980 expertas.
733 2891 779 2954 Et
804 2914 898 2968 sane,
923 2914 966 2954 ne
991 2890 1073 2980 quiid
1098 2891 1200 2954 colem
1228 2913 1317 2953 neve

233 3009 394 3070 iniuriam
416 3003 480 3069 tibi
493 2987 646 3090 faciamj
674 3029 745 3070 non
764 3006 848 3071 illud
863 3023 998 3071 tantum
1019 3030 1216 3098 acceperam
1233 3011 1313 3069 sinr-

229 3120 382 3208 pliciter,
409 3125 548 3184 oranino
573 3136 605 3185 te
631 3138 665 3185 ct
689 3126 765 3186 sine
790 3122 857 3186 ullo
883 3120 1077 3187 discrimine
1103 3146 1241 3185 saeviam
1260 3144 1315 3184 es-

231 3259 282 3308 se.
306 3236 368 3300 sed
393 3253 489 3300 certa
513 3236 590 3327 lege
614 3242 766 3328 iustoque
793 3254 1058 3329 temperamento
1073 3236 1173 3302 ruodo
1197 3241 1315 3301 saitem

233 3351 333 3416 modo
360 3355 537 3417 immitem:
562 3357 722 3418 immitem
744 3352 915 3427 divitibus,
943 3354 1122 3428 nobilibus,
1144 3352 1311 3442 superbis,

234 3471 349 3531 mitem
370 3467 587 3558 pauperibus,
611 3468 800 3543 humilibus,
825 3468 997 3534 modestis.
1038 3472 1092 3538 Vt
1114 3473 1231 3560 potius
1250 3467 1317 3533 tibi

235 3586 430 3647 constiteris
460 3599 595 3647 tantum
627 3608 679 3648 me
715 3584 850 3676 quidem
874 3603 1019 3654 servato.
1079 3580 1192 3674 Atque
1211 3581 1316 3649 ¹laturre

236 3697 368 3788 agendi
393 3703 562 3764 rationem
593 3723 664 3763 non
695 3725 831 3789 possum
864 3705 946 3792 quin
967 3703 1075 3766 solam
1099 3698 1320 3792 probandam

236 3837 386 3909 vereque·
403 3813 546 3904 dignam
570 3814 648 3879 deis
669 3814 791 3881 dicam.
819 3817 885 3880 iam
912 3817 952 3882 ab
980 3818 1042 3882 hac
1065 3813 1211 3908 generali
1239 3839 1318 3879 sen-

235 3922 337 3997 tentia
372 3929 414 3996 ad
449 3956 538 3996 suam
571 3957 607 3997 se
640 3932 869 4000 condicionem
896 3957 1070 4010 revocans,
1112 3954 1322 3996 summorum

236 4047 358 4137 quibus
384 4047 546 4112 obnoxius
567 4047 667 4113 fuerit
693 4045 921 4139 periculorum
943 4046 1136 4113 recordatus
1162 4044 1244 4111 illuc
1264 4071 1323 4112 re-

236 4159 303 4243 dit,
327 4160 416 4254 quod
444 4164 486 4227 ab
512 4164 605 4228 initio
633 4163 785 4242 dixerat,
812 4162 922 4230 denuo
946 4163 1116 4229 inculcans
1139 4159 1232 4255 quod
1263 4187 1324 4228 sna

237 4279 377 4343 maxime
409 4279 564 4344 interest:
601 4279 706 4345 Fidus
729 4283 865 4367 fuisti,
896 4280 1038 4371 infidum
1071 4304 1143 4344 esse
1176 4283 1324 4344 iterant.

237 4395 329 4475 Quae
355 4395 380 4458 si
396 4393 507 4485 paullo
528 4394 661 4486 plenius
689 4395 859 4487 explicaro
879 4395 1027 4477 uolumus
1044 4399 1212 4487 ascitaque
1226 4398 1324 4488 cogi·

239 4510 360 4575 tatione
380 4509 549 4601 supplere,
565 4528 619 4575 aut
639 4513 671 4574 in
691 4510 776 4577 hanc
795 4529 922 4602 portem
942 4509 1053 4576 valere
1070 4528 1224 4604 possunt:
1248 4509 1328 4576 Sed

239 4624 323 4690 haec
347 4648 545 4718 quocunque
572 4626 671 4691 modo
696 4652 734 4692 se
760 4627 904 4708 liabent,
942 4644 1076 4693 tanturm
1102 4643 1231 4693 certum
1267 4645 1324 4694 est

227 4738 342 4831 fidem
359 4764 410 4806 me
432 4757 525 4839 tuam
538 4758 714 4831 arpertum
729 4767 813 4825 esse,
839 4749 933 4810 caius
946 4743 1129 4835 perfidiam
1150 4762 1322 4836 crepant:
