2820 5332
483 749 523 790 tx.
577 747 618 790 ΒΕ
645 746 933 792 lNTERi’OLl'l'lONE

264 916 326 987 So't
349 923 424 985 sine
458 940 510 983 me
543 917 608 983 hoc
640 917 700 982 abs
734 935 768 982 te
794 911 1001 1009 impetrare,
1032 914 1126 1009 quo'd
1154 919 1256 986 volo.

601 1063 608 1075 ·
640 1054 725 1103 aaa,
752 1031 897 1125 qaid-sd
921 1027 995 1099 ist?
1039 1055 1116 1101 ear„
1140 1038 1254 1101 scies:

262 1144 302 1216 Si
325 1147 409 1239 quid
432 1147 536 1214 stulte
549 1144 660 1235 fe'cit,
686 1165 724 1215 ut
748 1173 790 1214 ea
815 1143 920 1214 missa
934 1151 1059 1256 faciaq
1079 1144 1209 1216 omnia.
1291 1172 1293 1177 ·

161 1260 251 1347 Quid
277 1265 365 1328 enim
391 1260 476 1327 illud
501 1286 574 1328 esse
600 1262 765 1343 dicamus,
790 1261 948 1330 Callicles
972 1262 1064 1354 quod
1082 1289 1126 1330 ne
1144 1283 1254 1358 negat

160 1378 299 1474 quidem
325 1375 393 1445 ullo
410 1378 526 1457 verbo,
552 1402 608 1443 sua
627 1374 795 1444 voluntate
810 1376 915 1444 fitium
933 1397 1129 1475 corruptam
1152 1383 1253 1449 esse?

158 1498 314 1587 Apparet
337 1494 427 1567 inter
451 1519 479 1558 v.
500 1488 547 1559 42
559 1507 592 1556 et
602 1483 648 1559 43
671 1490 798 1584 aliquid
824 1491 1015 1558 huiusmodi
1040 1492 1250 1562 desiderari:

157 1609 230 1678 Sed
248 1607 332 1702 qnid
354 1631 420 1697 ego
433 1609 621 1694 facerem?
647 1611 706 1701 qni
725 1632 800 1673 enm
816 1632 839 1672 a
861 1608 1001 1674 lascivia
1022 1608 1247 1700 prohiberem

155 1741 235 1817 post
258 1739 444 1814 argentum
466 1746 530 1814 pro
552 1722 712 1799 aedibus,
749 1748 833 1816 quas
849 1762 853 1773 ·
868 1723 1006 1790 venales
1027 1730 1245 1818 proscripse-

157 1857 227 1917 rat,
249 1846 284 1906 ei
306 1839 497 1906 redditum?
521 1858 566 1906 =et
597 1862 684 1933 quae
711 1841 849 1933 cogitari
876 1857 1015 1932 possunt
1045 1840 1095 1907 his
1122 1842 1244 1908 affinia.

156 1959 230 2024 lluc
257 1960 367 2034 enim,
403 1981 470 2022 uon
504 1973 629 2022 tantum
653 1953 849 2047 ad‚priores
876 1956 1056 2022 Lesbonici
1076 1957 1250 2050 nequitias

158 2071 336 2166 quaslibet,
361 2075 470 2164 ipsum
494 2069 580 2136 illud
602 2071 813 2163 perpessu's
837 2094 905 2137 nou
931 2088 1043 2163 potest
1066 2095 1136 2138 uon
1161 2098 1247 2165 spe-

50 2178 54 2187 ⁸
157 2208 246 2276 ctare
272 2186 357 2255 uelle
381 2186 598 2255 Charmides:
629 2185 756 2279 alioqui
791 2187 866 2252 satis
900 2185 1005 2253 fuerat
1030 2188 1162 2278 porsu's
1188 2187 1246 2253 di-

158 2329 248 2370 ccrc.
295 2336 344 2349 -
388 2303 491 2394 Atqui
523 2303 601 2378 huic
633 2302 698 2394 ipsi
729 2299 904 2368 Charmidi
936 2300 1019 2394 quid
1045 2300 1179 2368 taudem
1206 2305 1245 2368 in

153 2435 303 2482 mentem
328 2419 437 2494 veuit,
463 2433 500 2481 ut
524 2416 589 2483 hoc
615 2415 755 2509 quidem
781 2415 856 2482 loco
884 2413 1057 2482 Calliclem
1083 2416 1245 2482 crimine-

156 2550 210 2599 tur
234 2531 391 2598 omnino?
429 2533 521 2597 cuius
548 2528 786 2598 criminationis
812 2542 902 2596 nunc
927 2530 1080 2621 prolecto
1105 2555 1149 2595 ne
1176 2533 1246 2595 mi·

155 2648 243 2711 nima
276 2669 387 2712 caussa
424 2648 567 2739 cogitari·
592 2665 721 2738 potest,
761 2643 915 2738 quando,
955 2644 1117 2738 quicquid
1151 2646 1246 2712 inter

157 2779 336 2854 utrumque
352 2760 484 2828 discidii
502 2761 748 2839 intercesserat,
771 2758 905 2853 pridem
930 2762 1152 2852 compositum
1180 2778 1244 2827 est.

154 2882 293 2947 Factum
317 2876 402 2943 illud
428 2895 525 2944 antea
552 2879 707 2970 oportuit,
734 2901 801 2969 quo
829 2895 981 2967 tempore
1003 2876 1039 2940 in
1063 2873 1165 2941 aedes
1190 2877 1246 2941 iu-
1292 2854 1295 2859 ⁶

154 2994 258 3086 gressi
283 3013 382 3058 senes
409 3017 446 3059 ea
469 3010 673 3085 transegere,
699 3016 784 3085 quae
809 2991 867 3069 lv,
893 2987 1002 3075 Mb),
1028 2989 1051 3059 9
1078 2988 1242 3056 Callicles

154 3109 410 3202 significaverat:
450 3107 512 3172 sed
546 3105 696 3173 narrabo
735 3111 830 3172 intus
856 3103 920 3171 tibi
953 3121 988 3170 et
1012 3104 1077 3170 boc
1100 3121 1135 3170 et
1157 3105 1242 3171 alia.

155 3223 244 3309 Quid
271 3227 360 3290 enim
381 3223 514 3290 tandem
549 3222 722 3290 Charmidi
754 3246 905 3287 narrasse
936 3220 1093 3288 Callicles
1128 3224 1244 3288 existi-

135 3334 309 3420 *mabiturss
335 3341 360 3406 si
383 3365 426 3405 ne
452 3341 516 3406 hoc
543 3338 681 3431 quidem
707 3336 757 3404 illi
783 3337 988 3416 constiterit,
1014 3334 1141 3402 nullam
1163 3362 1243 3405 cor-

155 3457 245 3547 rupti
272 3456 451 3522 Lesbonici
478 3453 609 3546 culpam
634 3456 668 3519 iu
694 3479 730 3520 se
763 3451 937 3520 Calliclem
964 3451 1157 3519 admisisse?
1197 3455 1241 3518 Et

154 3595 274 3636 revera
300 3570 385 3635 haec
412 3571 522 3636 omnia
548 3586 709 3635 transacta
738 3594 829 3648 esse,
867 3593 933 3634 nec
967 3571 1146 3662 quicquam
1166 3567 1243 3660 pla-

156 3705 227 3753 cato
255 3683 428 3752 Charmidi
453 3686 650 3776 suspicionis
676 3709 871 3776 superesse,
900 3709 976 3750 cum
1003 3708 1112 3775 eoque
1139 3709 1242 3776 pror-

156 3827 209 3867 sus
235 3803 269 3866 in
295 3803 431 3894 gratiam
459 3800 632 3868 Calliclem
657 3799 785 3867 redisse
810 3801 1019 3892 apertissimo
1046 3800 1241 3868 testimonio

158 3917 267 4009 ipsum
292 3917 422 3983 initium
450 3919 611 3984 scenaess
636 3918 772 3983 actusV
798 3914 914 3982 docet:
939 3918 1058 4006 Neque
1070 3917 1151 4000 fuit
1179 3940 1242 3980 ne-

156 4057 220 4125 que
245 4034 311 4096 erit
339 4048 447 4125 neque
473 4057 546 4098 esse
571 4056 763 4126 quenquam
789 4032 962 4097 hominnm
984 4033 1021 4095 in
1040 4046 1136 4096 terro
1158 4030 1242 4095 dnm

156 4146 325 4226 arbitror,
363 4149 455 4238 Quoi
467 4147 565 4240 fides
588 4147 815 4240 fidelitasque
841 4151 986 4212 amicum
1010 4169 1096 4236 erga
1121 4150 1257 4236 aequi-'

154 4279 252 4353 peret
278 4278 439 4328 tunm.·-
466 4265 553 4356 Ergo
571 4265 688 4357 igliur»
715 4283 750 4330 ut
774 4265 889 4355 paucis
917 4261 1130 4355 complectar,
1158 4261 1242 4328 iude

158 4398 223 4443 ar.
235 4373 281 4444 lto
295 4395 363 4443 nou
392 4399 528 4445 cnm
541 4399 659 4444 ezerr
684 4378 736 4446 rel
762 4377 942 4471 alloquitur
959 4374 1159 4445 Charmides
1188 4377 1245 4443 vel

156 4495 234 4561 huic
253 4494 518 4587 respondentem
534 4514 632 4589 poeta
657 4496 745 4576 secia,
773 4495 835 4562 sed
858 4516 1102 4562 arsrrarrs
1125 4518 1245 4560 omnes

156 4627 232 4676 sunt
257 4635 332 4677 cum
360 4610 540 4677 Charmide
565 4635 748 4679 sermones.
786 4610 922 4702 Lysiteli
950 4612 1039 4677 enim
1062 4626 1247 4702 postquam

157 4725 358 4818 desponsata
385 4725 451 4793 filia
480 4725 676 4794 Charmides
702 4726 900 4820 gratificatus
928 4745 985 4813 cst,
1012 4727 1145 4818 sibique
1164 4727 1245 4791 satis
