2820 5332
407 675 658 721 rtosretarmre
683 675 876 720 antemnae.
1105 648 1176 722 477

102 846 293 938 ductorem]
321 875 511 944 agnoscere.
563 848 662 933 Quod
674 848 840 935 reliquum
856 869 914 927 est,
939 848 1074 917 resectis
1090 868 1177 942 qnae

102 992 121 1030 c
149 966 348 1057 glossemate
375 984 444 1034 orta
472 984 547 1032 sunt
581 965 788 1058 adiectisque
814 990 898 1058 quae
924 964 1178 1043 interciderunt,

101 1084 134 1146 in
160 1084 245 1150 hanc
271 1084 421 1175 speciem
439 1083 557 1150 misere
576 1080 746 1173 discerpta
760 1082 908 1147 membra
921 1081 1178 1173 redintegranda

102 1217 273 1290 putamus:

322 1335 366 1380 s1.
388 1298 462 1379 Eleo
487 1316 602 1387 irtam,
626 1334 746 1403 puere,
773 1303 984 1377 circumduce
1008 1307 1180 1378 irascemi-
1285 1372 1289 1381 ,

593 1426 647 1491 dis
672 1443 706 1493 et
731 1424 916 1493 concla'via.

323 1543 414 1609 Nam
435 1536 567 1631 ‹igomet
593 1557 626 1606 te
652 1538 879 1626 ductcirem*)‚
905 1546 944 1607 ui
968 1559 1055 1608 asset
1073 1546 1122 1609 mi
1132 1541 1181 1608 u'tl

582 1659 710 1742 forum
736 1651 922 1746 uego'tium.

129 1769 197 1840 159
319 1792 381 1837 ru.
405 1764 537 1862 'Apage
560 1775 662 1837 istum
687 1764 1005 1838 circumductorem:
1032 1766 1084 1837 nit
1108 1795 1180 1836 mo·

592 1910 652 1952 ror
676 1885 860 1954 deiceris-ier.

139 1998 306 2068 161.130
332 2023 376 2067 s1.
400 1995 507 2067 Acidis
532 1998 625 2066 dico.
652 1996 708 2066 riu
730 2006 842 2094 quite
864 1995 1069 2094 perdictct?
1118 2025 1178 2071 rm

693 2098 761 2138 titan
774 2098 929 2149 perducturas

587 2180 707 2248 apage,
736 2152 806 2221 ndu
829 2157 961 2248 placet:

131 2267 294 2338 160.131
327 2264 497 2364 Quicquid
521 2288 581 2352 est,
607 2271 731 2339 erra'bo
748 2276 862 2363 potius
877 2271 977 2365 qudm
1000 2272 1180 2365 perductet

594 2383 769 2480 quispiam.

131 2498 195 2568 161
325 2499 583 2589 [s1.F‹icetuo
613 2498 811 2588 arbitrcitu]
862 2524 923 2568 ru.
967 2527 1050 2594 ergo
1085 2509 1179 2571 intro

596 2641 636 2683 eo
661 2613 737 2684 siue
747 2616 960 2708 perductore.
987 2643 1031 2687 sr.
1057 2615 1178 2689 ilicet.

99 2724 197 2804 &⁹¹62
320 2755 382 2799 ra.
407 2728 481 2800 'Ibo
508 2737 600 2799 intro
627 2737 735 2825 igitur
760 2758 788 2799 e.
815 2759 847 2826 q.
871 2759 896 2800 s.

102 2849 148 2913 lta
183 2847 320 2941 quidem
353 2851 536 2915 rectissime
570 2848 784 2940 perducendi
814 2850 924 2928 rotie,
961 2849 1053 2916 cuius
1086 2849 1178 2918 nulla

100 2965 303 3057 ambiguitas,
327 2988 393 3029 non
421 2966 513 3056 prius
538 2965 692 3044 insertur,
717 2991 815 3058 qnam
829 2990 1011 3058 perperam
1038 2987 1178 3060 accepta

102 3105 118 3142 a
144 3079 363 3172 Theuropide
389 3079 638 3146 circumducere
665 3099 697 3147 et
729 3079 874 3146 ductare
899 3082 1002 3147 verba
1028 3107 1094 3175 quo
1121 3110 1177 3149 va·

101 3193 223 3262 luerint
247 3196 373 3262 Simoni
401 3195 634 3288 explicandum
663 3215 720 3264 est.
778 3197 831 3262 Ab
857 3197 1041 3289 interprete
1068 3215 1177 3264 autem

105 3335 215 3401 apage
240 3311 315 3377 roci
340 3313 520 3404 ascriptum
545 3310 732 3377 initimum
754 3310 995 3404 perductorem
1017 3310 1060 3378 ad
1086 3312 1177 3379 simi·

99 3424 276 3493 litudincm
301 3430 423 3520 prioris
447 3452 569 3494 versos.
632 3429 706 3509 Quo
742 3427 1044 3518 interpretamento
1071 3427 1177 3494 inter·

98 3541 209 3633 polata
233 3544 335 3609 rerba
364 3560 542 3636 quaesunt
565 3546 635 3614 Vin
659 3547 721 3635 qrci
743 3558 777 3608 te
800 3541 980 3635 perductet
1005 3542 1175 3637 usquead

95 3658 209 3749 placet
233 3686 297 3725 nna
323 3685 396 3727 cum
423 3658 576 3752 proximo
603 3683 699 3726 versu
726 3683 799 3725 cum
815 3657 900 3725 sorte
917 3684 935 3723 a
954 3657 1092 3725 librario
1114 3684 1174 3723 ne-

101 3772 204 3865 glecta
220 3794 329 3843 essent
345 3794 378 3842 et
394 3777 429 3841 in
451 3776 599 3869 margine
624 3777 742 3869 posita,
768 3774 847 3840 hinc
874 3799 953 3840 casu
966 3791 1041 3840 sunt
1054 3791 1130 3866 post
1143 3802 1174 3840 v.

102 3888 169 3957 129
185 3888 300 3956 delata.
334 3894 401 3959 Aut
418 3889 515 3958 simul
531 3889 762 3983 negligebatur
781 3908 815 3954 et
832 3888 866 3952 in
893 3890 1087 3981 marginem,
1111 3886 1174 3955 sed

97 4004 176 4069 hinc
201 4028 268 4069 non
294 4008 373 4072 item
400 4008 434 4072 in
456 4006 602 4074 alterum
623 4004 717 4072 illum
743 4003 855 4070 locum
882 4003 1042 4094 priorem,
1065 4022 1174 4070 trans·

95 4119 132 4183 iit
164 4121 292 4185 initium
328 4124 416 4188 tertii
443 4147 572 4202 versus,
602 4119 693 4214 quod
728 4142 800 4184 esse
825 4119 1089 4214 potuisse'faca
1115 4134 1172 4185 tuo

95 4233 265 4302 arbitratu
293 4238 516 4318 coniecimns,
542 4255 598 4304 aut
622 4232 835 4330 postmodum
863 4233 1001 4303 excidit:
1030 4260 1096 4329 quo
1124 4233 1172 4301 fa-

97 4369 184 4414 ctum
210 4370 246 4418 ut
267 4353 301 4418 in
327 4377 429 4419 unum
451 4353 670 4432 versiculum,
708 4377 825 4419 verum
861 4377 939 4419 eum
969 4351 1091 4419 misere
1115 4378 1171 4418 va-

95 4462 278 4548 cillantem,
313 4468 441 4534 initium
475 4469 576 4562 primi
611 4488 644 4535 et
678 4468 767 4534 tertii
790 4467 895 4536 exitus
922 4466 1170 4535 coalescerent:

149 4665 175 4736 1)
195 4665 277 4734 Bagis
293 4664 342 4718 sihi
361 4663 466 4733 placere
485 4667 552 4719 uon
570 4674 666 4736 tamt
683 4665 814 4719 murem
825 4665 983 4718 flammam
1000 4662 1164 4733 signficavit.
