2820 5332
433 666 582 712 Annene
605 666 848 711 enneminta.
1109 627 1182 713 59⁷

101 853 220 928 sponte
246 835 417 927 perspicit
474 837 628 902 Errntum
660 836 763 930 igitur
797 838 831 903 in
861 835 1017 904 lemmate
1056 839 1178 905 Donati

103 952 215 1018 verbis
239 952 432 1044 praemisso,
458 967 494 1017 tu
520 953 617 1023 Dare
643 951 702 1019 abi
724 952 867 1019 domam.
888 977 890 982 ·
910 953 1103 1021 Rectissime}
1123 978 1181 1019 rir-

101 1083 177 1146 tem‚
205 1091 272 1159 quo
294 1068 494 1158 pertineant,
517 1069 582 1134 iam
609 1068 817 1162 Engmphius
843 1069 1053 1162 significavit,
1079 1084 1181 1162 quem

99 1183 217 1250 vixisse
242 1180 376 1248 saeculo
399 1183 444 1248 X.
470 1201 607 1251 constet.
658 1185 736 1250 Eius
761 1183 873 1263 verbs,
899 1208 985 1276 quae
1011 1205 1078 1250 non
1104 1186 1182 1251 setis

101 1314 193 1365 recte
219 1296 402 1365 Greuertus
428 1324 461 1390 p.
483 1300 553 1369 198
566 1324 615 1392 sq.
641 1301 877 1390 interpretatus
904 1315 964 1379 est,
986 1298 1071 1365 hoec
1089 1314 1179 1365 sunt:

104 1410 197 1504 Age
222 1437 283 1481 me
307 1416 352 1478 in
383 1417 477 1479 tuis
506 1410 732 1502 secandis]
766 1413 984 1480 Exlrortatar·
1010 1412 1183 1481 Charinus

102 1526 317 1615 Pamphilum
343 1543 380 1592 nt
416 1529 579 1593 aemilium
612 1527 678 1595 sibi
704 1527 877 1621 praebeat.
935 1530 983 1596 In
1012 1527 1180 1608 secandis,

104 1646 227 1735 inquit,
247 1640 349 1709 rebus
374 1647 441 1708 tais
465 1648 594 1735 respice
614 1669 679 1719 me,
704 1643 808 1709 lsabes
834 1648 872 1709 in
881 1659 1053 1737 potestate
1072 1644 1180 1710 Clare-

104 1775 246 1836 metem,
271 1762 386 1831 amnia
408 1775 524 1849 potest
538 1763 668 1847 faeere
693 1759 749 1824 ille
770 1783 858 1852 qaae
884 1776 920 1858 tn
947 1759 1045 1826 voles.
1093 1760 1180 1828 Post

104 1873 194 1941 liano
219 1898 350 1940 versam
371 1891 560 1967 sequentur
585 1879 802 1940 continentes
838 1874 933 1941 illam
963 1879 1185 1955 sententiam,
1227 1924 1228 1929 η

105 1988 384 2080 quemadmodum
404 1993 488 2056 itum
503 2007 555 2057 est
580 1977 628 2056 ad
646 1991 858 2058 Chremetem
885 1987 935 2078 [ot
951 1991 1089 2057 inseruit
1104 1985 1183 2077 Gr.]

104 2104 382 2196 qaenradmodnm
396 2123 560 2173 ecoratas
575 2107 727 2174 Charino
750 2110 946 2199 promiserit
958 2105 1086 2197 filiam.
1113 2105 1185 2171 Seri

107 2222 169 2288 lios
207 2219 379 2289 tollendos
414 2246 529 2289 versas
566 2246 638 2288 esse
670 2221 856 2313 persuadet
888 2221 980 2314 qnod
1015 2226 1184 2316 sequitur:

105 2340 284 2405 Memini
318 2333 600 2428 atqae'adeo
638 2337 816 2428 longam
846 2353 913 2402 est
950 2337 1078 2404 illam
1117 2360 1186 2402 ex-

71 2470 309 2544 ,speetare
348 2449 444 2516 dam
481 2467 626 2518 exerit.
687 2451 729 2519 Si
760 2456 852 2517 enim
887 2466 968 2516 acta
1002 2455 1186 2517 sant'ista

106 2571 223 2635 omnia
248 2570 285 2630 in
307 2564 453 2658 publico,
475 2565 640 2657 quamodo
666 2562 767 2653 [illud
787 2563 906 2646 adiice,
931 2566 995 2632 nisi
1012 2565 1108 2658 plura
1126 2590 1185 2632 ex·
1274 2650 1278 2657 Ι

109 2679 276 2769 ciderunt]
305 2681 376 2747 diei
395 2697 530 2773 potest,
564 2685 710 2747 maxime
736 2706 811 2748 cnm
833 2698 996 2775 seqpatnr
1023 2683 1084 2748 Ne
1110 2705 1186 2747 ex-

107 2801 340 2890 spectetis,
364 2796 459 2862 dum
482 2796 648 2863 esieant
673 2797 769 2863 ltus:
796 2803 918 2864 intas
943 2795 1186 2889 desponde·

109 2913 247 2983 bitur:
275 2918 397 2979 intas
420 2917 731 3003 transigetur,
762 2917 801 2978 si
833 2911 1041 3004 quidest
1069 2910 1188 3006 qaod

108 3045 263 3098 restet.
312 3030 412 3119 Ergo
436 3053 509 3094 cum
534 3029 714 3119 legerimus
737 3033 900 3118 primum,
928 3030 1038 3095 Taces
1064 3053 1087 3093 n
1102 3052 1188 3094 ano

110 3143 335 3212 Cltremes:
371 3147 616 3230 facturum
653 3167 761 3234 pirae
806 3143 926 3209 voles
963 3147 1053 3209 scio
1091 3167 1187 3208 osse

110 3263 228 3325 omni
235 3284 267 3339 a,
292 3263 454 3326 continuo
481 3257 638 3324 debemus
662 3257 869 3348 subiungere
883 3254 1095 3346 [Memini]
1125 3272 1187 3323 at·

107 3400 187 3468 (pne
209 3374 318 3441 adeo
341 3376 520 3465 longam
545 3390 610 3439 est
629 3374 759 3440 illam
784 3390 1062 3466 exspectare
1086 3373 1188 3443 dam

108 3491 189 3559 lene
213 3506 355 3558 exeat.
406 3491 467 3560 Ita
493 3494 585 3554 enim
609 3493 796 3582 integritas
809 3489 884 3583 fiet,
907 3515 1043 3571 sensns,
1070 3489 1187 3556 sabla·

110 3612 154 3679 tis
179 3606 326 3675 versibus
350 3610 409 3700 qni
432 3610 525 3671 intus
555 3622 657 3697 gesta
687 3605 912 3673 continebant
944 3606 1006 3692 (sic
1031 3607 1092 3675 Gr.
1121 3629 1186 3695 pro

108 3723 193 3816 vulg.
228 3721 453 3808 retinebant.)
513 3725 562 3790 Ex
588 3723 638 3790 his
660 3725 761 3817 igitur
793 3723 977 3788 Grauertns
1008 3720 1074 3785 sibi
1099 3722 1188 3786 visus

111 3854 160 3907 est
183 3839 246 3905 hoc
279 3865 380 3930 posse
414 3839 596 3934 colligere,
629 3838 820 3930 repperisse
852 3835 1078 3928 Eugrephiurn
1105 3837 1185 3902 istos

110 3978 224 4021 versus
244 3973 319 4046 post
342 3983 369 4021 r.
401 3961 441 4023 11
470 3957 621 4047 scriptos.
676 3955 720 4020 At
744 3974 822 4019 vero
850 3975 891 4017 ex
915 3951 1091 4042 postremis
1118 3953 1187 4016 En-

109 4070 240 4162 grnphii
264 4071 372 4137 verbis
399 4070 657 4138 luculentissime
688 4085 847 4160 apparet,
881 4065 1061 4134 oolloeatos
1088 4065 1187 4134 luisse
1277 4158 1279 4163 Ι

108 4188 196 4252 inter
221 4212 249 4251 v.
279 4187 324 4252 12
351 4202 385 4251 et
410 4189 471 4254 13:
498 4208 565 4276 quo
593 4182 666 4251 solo
687 4182 761 4249 loeo
788 4200 882 4251 recte
908 4183 1145 4250 continuantur·
1158 4183 1186 4249 si

109 4303 214 4366 minus
241 4300 419 4393 proximis,
455 4318 601 4367 atcerte
628 4296 911 4365 antecedentibus.
973 4299 1062 4373 Nom
1091 4298 1185 4364 initio

108 4417 243 4508 quidem
267 4417 484 4482 annotationis
513 4418 575 4482 etsi
600 4439 666 4481 non
694 4415 768 4481 satis
795 4439 834 4479 ex
862 4415 953 4481 omni
966 4430 1061 4505 parto
1088 4439 1187 4481 accu-

110 4550 180 4597 rate
198 4532 405 4623 Eugrephins
431 4530 560 4599 locutas
587 4548 645 4610 est,
667 4549 777 4597 tamon
805 4529 888 4624 qaid
903 4526 1044 4598 voluerit
1063 4527 1187 4610 dicere,

112 4671 179 4719 nors
206 4665 256 4714 est
281 4647 349 4715 ullo
376 4645 476 4714 modo
504 4649 691 4717 obscurum.
752 4649 882 4719 Etenim
913 4665 987 4739 post
1013 4675 1041 4716 v.
1072 4651 1112 4715 11
1143 4646 1187 4712 ait
