2820 5332
315 714 335 754 t.
355 713 400 757 ns
428 712 545 757 ettvrt
572 715 701 758 norrun
730 718 922 762 uoututcvs.
1125 702 1167 767 ΩΙ

76 881 141 949 dici
170 899 204 947 et
227 880 341 947 lueret
364 880 431 947 ltoc
455 898 570 948 nostro
598 907 702 950 sensu
726 883 928 952 consultius:
961 887 1020 954 scd
1061 907 1171 956 umen

74 997 225 1062 seiuncte
255 1021 273 1060 t
304 992 444 1063 Charini
479 995 617 1063 consilio
642 1021 710 1065 nott
736 1016 822 1065 sunt.
872 1001 936 1082 Qui
962 1002 990 1066 si
1016 1001 1171 1094 plenissi-

71 1135 157 1175 mam
182 1132 298 1176 etrum
321 1128 434 1175 rerum
461 1110 621 1189 notitiam,
644 1113 778 1203 quibus,
805 1131 841 1180 ut
864 1116 898 1179 in
913 1114 1076 1182 Rhodiam
1096 1142 1173 1183 mu-

70 1223 189 1290 lierem
216 1220 401 1301 incideret,
428 1224 616 1303 evenisset,
648 1250 723 1293 cum
750 1229 994 1318 spectatoribus
1020 1254 1169 1299 commo»

73 1336 253 1405 nictndttm
270 1337 419 1430 putebat,
444 1336 530 1405 illud
554 1363 691 1432 quoque
718 1364 785 1406 non
809 1343 920 1433 potuit
935 1366 1004 1411 non
1022 1369 1168 1413 cumme-

69 1476 213 1533 morare,
242 1477 307 1544 qne
330 1451 465 1519 tandem
492 1474 606 1521 ctusstt
632 1477 742 1546 quove
770 1455 909 1523 consilio
929 1456 1045 1525 relicte
1060 1458 1174 1549 putria>

67 1565 225 1634 Rhodum
251 1567 324 1658 ipse
343 1569 501 1656 uenisset.

168 1683 259 1764 Quae
287 1706 363 1747 cum
387 1683 433 1747 itu
458 1682 543 1761 sint,
575 1681 660 1748 nihil
700 1707 772 1750 esse
799 1709 932 1751 censete
960 1683 1165 1778 intelligitur,

69 1822 128 1863 eur
155 1820 226 1864 non
250 1795 363 1863 eidem
388 1815 508 1888 poetae
535 1796 604 1864 duo
630 1797 788 1866 vetsiculi
813 1798 882 1879 illi,
915 1801 1037 1891 quibus
1071 1801 1166 1866 selur-

68 1911 176 1977 lurum
201 1912 336 1979 nomine
362 1910 564 2004 produntur,
590 1939 629 1979 ac
655 1913 806 2004 reliquus
828 1912 989 2005 prologus
1016 1915 1166 1980 tribuun-

68 2044 132 2090 tur.
162 2027 266 2118 Atqui
293 2025 391 2094 huius
414 2050 572 2093 numeros
597 2027 750 2094 Plautius
775 2047 845 2094 crte
872 2029 977 2096 sectos
1004 2046 1164 2120 eppuret:

64 2159 196 2206 utnon
222 2141 354 2230 possint
376 2141 411 2206 in
439 2142 510 2207 eius
536 2143 616 2207 artis
642 2143 837 2208 societatem
865 2166 932 2208 non
951 2142 1002 2208 illi
1023 2161 1160 2234 quoquc

64 2279 178 2321 versus
203 2255 331 2321 venire.
381 2255 454 2323 Nec
479 2254 611 2322 duobus
637 2273 716 2349 post
737 2256 882 2324 saeculis
908 2282 1011 2323 novos
1038 2257 1162 2322 Plauti-

61 2372 112 2433 nis
139 2368 260 2435 tabulis
286 2367 445 2462 prologos
475 2372 655 2437 necessisse
684 2370 849 2438 credibile
877 2392 939 2440 est.
980 2372 1069 2464 Ergo
1087 2339 1161 2438 ‘tol-

60 2481 162 2550 lenda
187 2508 278 2562 sanc,
305 2509 391 2577 quse
419 2485 454 2549 in
487 2482 587 2551 Accii
615 2487 757 2578 genitivo
787 2502 836 2552 est
863 2485 1010 2552 offensio.
1058 2485 1158 2568 Quod

61 2597 201 2690 quidem
221 2600 359 2665 minime
377 2599 481 2668 voluit
497 2620 671 2691 praestare
681 2598 849 2667 Bentleius
875 2603 910 2667 in
928 2605 1008 2669 Ter.
1022 2602 1159 2673 Phorm.

58 2710 148 2802 prol.
173 2711 240 2790 26,
265 2715 358 2780 cuius
396 2733 635 2794 commentum,
661 2735 700 2781 ut
721 2715 784 2794 uit,
809 2738 877 2782 nott
903 2714 1094 2808 intelligere
1121 2741 1158 2782 se

59 2828 217 2893 Osannus
248 2854 282 2919 p.
321 2829 388 2897 175
426 2828 558 2895 letetur.
611 2829 685 2897 lllic
726 2829 815 2895 enim
850 2852 925 2894 cum
959 2831 1161 2899 Illercutorie

58 2965 196 3007 versum
222 2943 271 3010 sic
297 2943 457 3034 scriptum
485 2945 617 3034 posuit:

208 3056 342 3124 Eadem
367 3056 475 3123 latine
501 3059 681 3124 Mercator
705 3059 850 3138 illectiei,

55 3170 143 3236 nihil
167 3171 233 3237 sibi
257 3170 349 3237 eliud
375 3171 487 3246 voluit,
515 3173 577 3237 nisi
604 3191 639 3237 ut
664 3197 728 3263 pro
756 3197 803 3249 ea,
831 3197 930 3263 quam
953 3195 1022 3236 non
1043 3187 1156 3260 posset

55 3310 126 3351 non
154 3305 349 3378 corruptam
374 3304 514 3377 putare,
551 3287 656 3354 soemo
683 3288 855 3377 impressis
884 3283 1047 3374 exemplis
1071 3309 1154 3374 pro-

53 3419 175 3492 paget·
200 3401 422 3468 substitueret
446 3400 601 3467 codicum
624 3404 834 3492 scripturum,
860 3425 878 3465 e
905 3424 969 3491 qut
995 3395 1078 3490 quid
1105 3399 1153 3462 el-

53 3517 176 3582 ficeret
200 3517 275 3608 ipse
296 3534 364 3583 non
388 3517 549 3583 heberet:
577 3515 682 3608 idque
709 3513 762 3586 rel
790 3532 926 3580 externe
955 3513 1071 3604 specie
1097 3510 1153 3578 lit-

52 3652 203 3699 terarum
229 3629 437 3721 significetis
486 3632 568 3697 Nutu
600 3632 709 3722 ipsum
744 3628 827 3702 illud
854 3630 991 3694 maetict'
1021 3627 1057 3690 in
1081 3627 1151 3692 Ve-

52 3766 125 3815 tere
154 3744 244 3812 libro
270 3742 455 3812 Comeret-ii
488 3743 627 3836 legitur:
668 3745 701 3809 iu
734 3748 928 3821 Decor-tuto,
956 3740 1149 3816 vinniano,

51 3864 196 3929 Etrusco
223 3878 338 3927 nostro
365 3864 510 3934 manici,
536 3863 684 3951 itemque
709 3862 744 3925 in
767 3860 933 3951 Lipsieusi
965 3875 1001 3925 et
1025 3855 1062 3921 id
1087 3879 1148 3946 ge·

50 4002 114 4043 nus
141 3977 278 4041 ceteris:
319 3978 457 4043 ntortict'
490 3977 525 4040 in
553 3976 707 4066 principe
743 3972 906 4041 editione:
942 3988 979 4036 ut
1014 3969 1147 4035 infimae

49 4107 150 4157 notae
176 4089 281 4155 suern
304 4106 476 4180 oporteat,
514 4092 549 4155 in
582 4113 651 4181 quo
683 4093 782 4154 nautii
806 4089 968 4177 scriptum
993 4080 1148 4172 repperit

50 4205 204 4270 Muretus
218 4202 401 4270 Ver-Lect.
416 4203 540 4283 XVIII,
555 4206 587 4277 9'.
613 4201 786 4295 Numquid
812 4201 913 4293 igitur
938 4219 1028 4262 nunc
1044 4191 1145 4258 ‹lubi-
1229 4250 1233 4256 ,

50 4318 237 4409 tubis,quiu
255 4317 398 4406 pristine·
409 4318 510 4385 facies
523 4319 788 4385 sicvcxatissitno
803 4315 910 4380 versui
925 4314 1143 4376 instauretur:

200 4423 333 4495 Eade'm
355 4429 465 4496 latine
490 4427 669 4498 Mercator
693 4432 738 4495 M
743 4421 838 4494 acci
861 4422 1032 4493 Titi-1³

150 4596 178 4642 et
194 4588 282 4730 [iopen
299 4589 330 4643 1³.
351 4590 445 4658 ineptit
463 4597 491 4643 ut
509 4591 576 4644 tolet
592 4593 619 4644 in
641 4590 691 4645 hcc
709 4601 806 4659 genere
825 4544 952 4640 ttetirsiut
977 4580 1037 4638 Cur.
1056 4583 1139 4637 litut.

147 4694 177 4745 p.
200 4679 231 4732 tl
