2820 5332
640 694 832 737 PRAEFATIO.
1231 701 1270 743 XV

182 863 364 933 Caecilius:
393 862 529 930 alteram
546 864 773 931 Menandriam
794 859 1073 957 ’Τποβολιμαῖον
1099 860 1268 962 ἢἋγροι.

180 986 256 1040 κον,
277 962 415 1029 alteram
433 965 500 1028 sire
514 962 718 1031 Philemonis
732 967 800 1030 sive
815 963 965 1030 Alexidis
978 960 1264 1058 Ὕποβολιμαῖον.

178 1065 251 1129 Hae
286 1081 321 1128 ut
355 1065 443 1127 inter
472 1088 507 1128 se
533 1062 663 1136 labulae
690 1083 780 1129 reete
803 1063 1121 1143 discriminarentur,
1153 1069 1264 1138 addita

175 1179 253 1228 sunt
267 1161 520 1227 subditiciorum
536 1164 667 1227 nomina
683 1161 960 1228 adulescentium:
977 1163 1265 1254 Hypobolimaeus

176 1261 443 1329 Chaerestratus
465 1280 497 1326 et
522 1260 811 1352 Hypobolimaeus
825 1260 1024 1328 Aeschinus.
1058 1265 1107 1330 Ac
1134 1265 1176 1332 de
1203 1268 1261 1336 illo

175 1362 253 1426 satis
271 1376 399 1426 constat
413 1361 588 1427 Ciceronis
613 1385 674 1452 pro
690 1362 784 1427 Rosc.
799 1363 870 1425 Am.
889 1359 932 1429 16
956 1362 1156 1442 testimonio,
1179 1392 1263 1458 qno-

175 1485 252 1526 cum
287 1458 527 1551 percommode
555 1457 750 1526 conciliatur
775 1460 865 1526 Festi
883 1485 915 1550 p.
939 1458 1006 1528 174
1021 1461 1066 1525 M.
1086 1467 1261 1551 memoria3

174 1556 217 1623 de
245 1559 311 1623 hoe
336 1558 502 1624 immerito
529 1556 712 1623 Gellianam
736 1557 835 1622 fidem
860 1557 949 1644 (XV,
971 1554 1040 1642 14),
1064 1585 1082 1626 e
1111 1588 1175 1654 qua
1201 1590 1262 1656 pe.

172 1654 433 1749 penditNonius
456 1683 489 1748 p.
509 1654 587 1735 106,
615 1657 798 1723 Graues-tus
815 1682 847 1746 p.
871 1660 916 1728 79
936 1654 1149 1727 addubitavit
1175 1663 1260 1729 Ver.

174 1757 268 1822 tebat
302 1772 410 1820 autem
438 1754 600 1822 Caecilius
635 1758 733 1821 etiam
759 1750 886 1821 No'Sor
909 1754 1122 1836 Philemonis,
1159 1762 1258 1855 eique

172 1849 272 1944 νόθῳ
304 1878 431 1920 nomen
455 1855 555 1920 luisse
582 1852 750 1920 Nicasioni
778 1873 927 1946 apparet.
967 1855 1081 1946 ltaque
1106 1858 1178 1950 ipsa
1204 1887 1258 1929 ra.

174 1953 275 2019 tionis
300 1955 514 2019 communitas
541 1952 659 2031 effecit,
687 1970 721 2017 ut
746 1951 787 2018 ad
804 1951 1142 2045 Hypobolimaeorum
1168 1961 1258 2026 sinsi-

173 2049 349 2118 litudinem
381 2052 477 2117 etiam
511 2050 644 2118 Notltns
664 2053 803 2118 Nicasio
831 2050 1000 2117 diceretur
1024 2076 1087 2146 pro
1113 2058 1256 2151 simplici

170 2149 293 2217 Natho.
311 2149 441 2217 -Sed
464 2149 693 2217 Menandriam
707 2150 1004 2244 Hypobolimaeum
1031 2171 1066 2218 ut
1091 2181 1107 2220 a
1135 2181 1257 2249 cugtio-

169 2249 261 2316 mine
285 2248 397 2316 fabula
420 2247 662 2327 discernerent,
695 2251 790 2315 etiam
816 2248 951 2315 alteram
977 2252 1060 2317 riam
1088 2257 1253 2346 quandam

169 2350 313 2442 ingressi
340 2350 552 2442 grammatici,
580 2349 773 2440 antiquioris
793 2348 904 2415 aetatis
927 2350 1082 2443 exemplo
1096 2353 1254 2424 Plautini-

170 2473 239 2541 que
266 2448 368 2512 moris
395 2445 626 2514 recordatione
647 2465 802 2525 arastro,
828 2448 920 2513 cuius
935 2447 967 2511 in
981 2448 1037 2514 illa
1051 2455 1251 2522 mentionem

168 2549 238 2614 sire
272 2548 427 2613 iniectam
456 2547 524 2612 sive
552 2546 792 2638 frequentatam
820 2571 890 2612 esse
914 2568 1169 2617 consentaneum
1194 2575 1252 2634 est,

167 2644 322 2712 traducto
357 2646 490 2712 nomine
523 2644 738 2712 Rastrariam
777 2645 948 2711 dixerunt:
985 2673 1059 2713 nam
1098 2651 1138 2716 ab
1177 2655 1250 2745 ipso

166 2763 266 2841 poeta
304 2745 389 2811 haec
421 2747 504 2811 ratio
538 2743 745 2811 inscribendi
780 2743 899 2811 indicis
934 2769 1001 2813 non
1037 2766 1148 2837 potest
1183 2777 1251 2818 non

167 2843 276 2910 aliena
300 2843 416 2908 rideri.
445 2843 482 2908 Id
507 2866 627 2909 nomen
653 2843 737 2910 forte
765 2869 782 2907 a
807 2867 844 2907 se
870 2860 1038 2932 repertum
1057 2871 1130 2911 cum
1146 2848 1249 2917 altero

166 2960 296 3009 temere
329 2940 565 3034 conglutinavit
590 2944 725 3008 Nonius.
743 2941 963 3019 -Breriter‚
989 2941 1071 3035 quid
1097 2948 1175 3013 mihi
1203 2951 1249 3016 vi·

171 3039 317 3120 deretur,
344 3040 531 3135 significavi,
558 3040 691 3107 uberius
719 3041 901 3107 sententiae
928 3065 1018 3107 meae
1042 3047 1196 3127 rationes,
1223 3052 1249 3116 si

168 3163 250 3232 opus
277 3140 386 3219 fuerit,
411 3138 475 3207 alio
499 3158 650 3231 tempore
678 3138 909 3232 explicaturus.

263 3250 297 3311 1),
320 3252 382 3311 166
414 3264 440 3303 v.
481 3243 520 3304 ll
548 3263 565 3303 a
597 3238 663 3305 line
687 3263 749 3332 pro
786 3238 871 3303 oder
904 3239 989 3304 aucit
1016 3246 1143 3336 corrige
1169 3245 1251 3313 aber

167 3337 265 3403 nicltt
494 3349 497 3357 '

265 3447 361 3510 PAR?
387 3433 459 3522 (ubi
485 3434 551 3506 v.6
575 3463 592 3501 a
619 3435 684 3500 fine
711 3434 799 3501 adde
813 3460 846 3522 p.
865 3435 938 3522 165)
976 3438 1066 3531 quod
1087 3439 1247 3532 glosse-

164 3552 271 3602 mata
303 3533 514 3628 Opiliana
553 3553 586 3599 et
626 3559 701 3599 eum
741 3532 874 3614 librum,
910 3537 968 3629 qui
1002 3539 1246 3608 inscribebatur

163 3632 297 3711 Pinax,
323 3633 476 3712 discrevi,
503 3631 538 3698 id
564 3631 697 3698 aliunde
723 3631 820 3699 ducta
845 3638 1125 3727 argumentatione
1145 3644 1245 3732 magis

166 3738 266 3801 etiam
293 3733 425 3800 ridetur
451 3733 639 3798 confirmari
664 3756 773 3823 posse.
826 3732 881 3799 Sic
908 3737 1006 3813 enim,
1035 3740 1084 3803 cui
1110 3738 1245 3807 tabulae

162 3831 250 3899 illius
284 3832 432 3900 notitiam
468 3831 529 3897 soli
559 3830 740 3910 debemus,
776 3833 953 3900 Suetonius
981 3835 1128 3902 Gramm.
1167 3840 1243 3908 co
1296 3859 1297 3862 ’

162 3930 204 3997 de
232 3931 368 4023 Opilio:
399 3931 510 3996 Huius
540 3953 730 4020 cognomen
765 3933 801 3995 in
824 3932 992 4025 plerisque
1016 3930 1181 4002 indicibus
1210 3958 1244 4005 at

165 4031 275 4096 titulis
308 4054 373 4123 par
410 4051 523 4093 urtam·
551 4029 565 4092 l
605 4029 754 4094 litteram
792 4036 953 4122 scriptum
985 4034 1243 4103 animaduerto:

163 4153 276 4194 rerum
309 4134 380 4222 ipse
412 4127 449 4193 id
478 4127 650 4217 persinas
675 4128 774 4217 affert
799 4133 844 4194 iu
863 4134 1177 4222 parastieliide
1202 4137 1244 4202 li.

160 4224 240 4294 belli
258 4233 320 4322 qui
341 4226 540 4294 inscribitur
563 4224 720 4295 Pinax.
758 4229 848 4310 Quae
866 4232 1042 4321 (Erysarem
1061 4254 1243 4317 moverunt,

158 4345 193 4394 ut
217 4327 261 4394 de
288 4326 416 4420 duplici
465 4351 563 4392 encre
581 4319 863 4420 παραστιχίδων
879 4327 930 4393 vel
948 4323 1243 4424 παραστιχιδίων

158 4425 207 4494 vel
233 4352 503 4521 a’ttpoo‘ttpgllor
530 4429 577 4492 sic
610 4443 885 4493 commentarctur
908 4425 950 4491 de
977 4431 1128 4498 Doricus.
1159 4461 1242 4503 cons.

158 4550 190 4617 p.
217 4524 281 4596 98:
308 4522 565 4594 Parasticliides
591 4541 651 4590 attt
676 4525 804 4617 aliquot
832 4526 1001 4592 versiculis
1024 4531 1242 4611 constabant,

159 4646 301 4716 quorum
326 4625 451 4691 litteris
477 4623 663 4690 initialibus
682 4647 806 4690 nomen
819 4630 968 4711 aleatoris
982 4631 1240 4701 continebatur:
