2820 5332
537 700 540 704 “
588 691 806 736 aaccmotuvs.
1165 663 1233 737 ‘lli

256 864 479 935 Menandriae
515 862 646 931 fabulae
681 864 796 932 Plauto
830 863 917 931 duce
943 863 1074 931 attribui
1101 863 1238 931 sortasse

159 983 325 1078 quaedam
353 1008 394 1049 ex
418 983 553 1049 incertis
580 1007 667 1073 quae
692 982 843 1049 seruntur
868 979 1046 1048 Menandri
1072 980 1241 1073 fragmen-

159 1102 199 1166 tis
233 1118 412 1190 poterunt,
451 1096 542 1165 velut
577 1098 822 1164 Sententiarum
862 1095 1076 1189 singularium
1109 1121 1140 1159 u.
1169 1091 1241 1164 493

90 1297 91 1300 Ἴ
159 1215 262 1282 Mein.
289 1214 363 1283 532
388 1211 547 1280 Bruncke
581 1210 647 1277 οὐκ
678 1205 780 1278 ’ἐστιν
803 1203 910 1279 οὐδὲν
938 1203 1058 1299 κτῆμα
1090 1206 1242 1276 κάλλιον

157 1321 284 1423 φίλου,
311 1347 519 1421 comparatus
544 1353 563 1393 a
587 1327 706 1393 Bothio
729 1352 804 1394 cum
828 1328 946 1396 Bacch.
973 1327 1034 1406 ΙΙΙ,
1061 1327 1094 1408 ll,
1121 1327 1160 1393 2:

610 1513 616 1529 ι
898 1441 1064 1517 arbitror,

260 1556 406 1623 Horraini
425 1560 548 1633 amico,
570 1562 630 1650 qui
653 1574 705 1623 est
726 1561 854 1623 amicus
875 1563 927 1624 ita
951 1561 1003 1624 uti
1023 1578 1149 1621 nomen
1163 1576 1243 1645 pos-

749 1672 859 1749 sidet,

261 1788 340 1854 Nat
362 1785 455 1869 deos,
477 1792 511 1852 ci
534 1787 586 1852 nit
606 1804 797 1878 praestare.

164 1902 234 1971 Sed
259 1928 324 1969 nec
346 1903 425 1969 huic
451 1901 607 1995 exemplo
627 1902 766 1970 multum
781 1905 903 1985 tribuo,
920 1903 1116 1996 praesertim
1133 1902 1169 1966 iu
1185 1898 1247 1965 ali·

164 2046 230 2111 qua
257 2018 444 2111 frequentia
468 2018 624 2084 similium
647 2018 737 2111 apud
757 2018 908 2086 Plautum
937 2020 1187 2097 sententiarum,
1211 2031 1248 2081 ut

136 2116 531 2227 'mmmam2

263 2249 361 2318 Nihil
384 2248 514 2315 homini
537 2254 647 2316 amico
672 2267 724 2316 est
748 2268 938 2344 opportuno
963 2255 1104 2317 amicius
1117 2275 1185 2312 ·-:

165 2390 229 2435 nec
265 2367 331 2434 hoc
368 2391 465 2433 omne
498 2390 601 2459 genus
633 2366 731 2433 video
755 2393 830 2435 cnm
856 2368 1028 2458 proposita
1054 2367 1248 2458 quaestione
1292 2386 1296 2393 ’

96 2552 99 2557 ,
167 2484 210 2547 ita
238 2482 447 2548 coniunctum
472 2506 552 2560 ease,
578 2499 614 2547 ut
637 2506 706 2547 non
726 2483 831 2573 possit
851 2485 987 2548 missum
1012 2481 1094 2547 fieri.
1141 2480 1249 2550 Multo

170 2599 267 2663 ctiam
299 2597 406 2661 miuus
442 2596 552 2660 tribuo
580 2597 623 2661 ab
658 2594 778 2662 eodem
801 2596 920 2663 Buthro
947 2597 1144 2688 comparatis
1168 2600 1252 2663 Bac-

126 2714 129 2725 '
173 2710 261 2779 chid.
287 2712 328 2792 V,
355 2714 387 2789 2,
414 2708 460 2779 76
485 2736 559 2804 sqq.
585 2708 616 2796 ⁴¹)
644 2736 719 2777 cum
744 2711 921 2805 Amphidis
956 2738 975 2778 c
1007 2710 1037 2777 Γ
1037 2733 1251 2811 υνοᾳκοκρα·

167 2820 233 2916 τίᾳ
252 2826 412 2905 versibus,
439 2828 596 2918 quisunt
622 2825 713 2917 apud
738 2827 858 2892 Athen.
884 2827 1032 2919 V111,p.
1058 2828 1130 2899 336
1157 2854 1184 2895 c.
1207 2828 1251 2912 d.‚

167 2970 232 3012 nec
257 2944 450 3021 tribuerem,
475 2942 504 3007 si
528 2940 582 3007 vel
609 2942 748 3007 maxime
772 2960 860 3008 certa
881 2943 1019 3010 imitatio
1038 2962 1142 3010 esset:
1168 2943 1252 3013 alio-

169 3061 228 3153 qui
254 3056 337 3151 quid
362 3056 560 3136 illiciamur,
584 3082 670 3155 quae
691 3055 735 3122 de
760 3058 863 3124 reteri
888 3056 999 3150 deque
1022 3082 1106 3125 nova
1128 3084 1253 3152 puero-

169 3202 245 3243 rum
270 3172 446 3264 disciplina
470 3171 512 3238 ab
527 3170 622 3265 Lydo
642 3171 769 3265 prolata
786 3172 905 3240 Bacch.
919 3174 978 3252 Ill,
989 3175 1024 3253 3,
1043 3172 1182 3268 tosqq„
1209 3175 1253 3243 ad

169 3291 403 3385 Aristophanis
427 3288 518 3355 Nub.
544 3288 613 3362 961
638 3314 713 3382 sqq.
738 3290 953 3357 imitationem
971 3292 1157 3383 composita
1178 3309 1255 3385 post

169 3408 319 3500 Lipsium
345 3403 517 3497 Epistolie.
544 3407 674 3488 Quaest
701 3405 762 3483 Ill,
792 3409 835 3474 17
861 3430 970 3497 nuper
988 3406 1141 3473 Osanuus
1165 3406 1255 3474 iudi-

169 3526 255 3591 cavit
280 3526 465 3590 Commeat.
501 3519 543 3586 de
580 3520 686 3587 Plauti
713 3521 958 3615 Amphitruone
991 3522 1026 3587 iu
1051 3525 1137 3591 Mus.
1169 3523 1253 3618 phil.

168 3643 275 3708 liheu.
303 3639 344 3719 ΙΙ,
370 3665 402 3732 p.
428 3636 521 3707 331?

268 3758 321 3833 At,
346 3754 457 3832 audio,
483 3751 703 3821 Menandriae
726 3753 858 3821 fabulae
886 3773 921 3840 et
936 3754 1105 3824 Plautinae
1130 3754 1255 3850 qualis-

171 3900 305 3967 cunque
330 3864 512 3941 similitudo
537 3895 605 3938 uuo
619 3870 765 3963 quodam
787 3871 972 3963 fragmento
1000 3874 1136 3956 corruit,
1161 3872 1255 3967 quod

172 4018 212 4061 ex
238 3993 497 4082 Discrapatonte
511 3987 707 4079 Fulgentius
718 3986 825 4077 Myth.
842 3987 901 4095 ΙΙΙ,
919 3991 948 4053 l.
960 4014 995 4080 p.
1015 3985 1095 4062 704.
1126 3987 1254 4057 Stauer.

171 4186 475 4202 m-

225 4278 252 4340 ’)
267 4270 361 4322 Versus
381 4269 545 4335 anapaestico
564 4273 704 4332 systemate
722 4264 976 4332 comprehendendos
996 4276 1076 4336 puto:
1190 4298 1192 4303 .

278 4392 281 4397 -
374 4356 433 4407 noa
449 4355 494 4405 atta·
509 4355 580 4406 vertit
595 4355 624 4404 itt
641 4356 765 4415 motin,
780 4352 885 4417 mlo,

370 4444 419 4504 Si,
437 4442 498 4493 duaa
513 4443 600 4503 ciras,
619 4440 666 4492 tihi
682 4441 744 4493 be'tte
761 4442 861 4507 facias,

372 4528 420 4581 rot
435 4529 488 4579 iam
506 4528 533 4579 id
552 4526 651 4594 quidem
668 4544 723 4578 case
740 4528 810 4579 haud
826 4526 1050 4597 perlonqittquon:

375 4616 462 4683 Neque
479 4615 503 4666 si
520 4616 568 4667 ltdc
586 4614 661 4666 totae
680 4613 775 4675 amuis,
794 4622 851 4684 post
873 4616 901 4665 iat

440 4702 525 4756 itari·
543 4702 571 4755 id
586 4712 719 4757 aemam
738 4718 792 4756 caso
807 4704 947 4773 mun?
1082 4720 1087 4729 ·
