2820 5332
505 713 724 761 siccatamve.
1088 692 1158 763 405

76 888 167 954 Nihil
204 889 268 955 hoc
305 887 453 979 scrupuli
480 890 594 955 iniecit
616 892 711 955 Parei
737 889 927 958 credulitati
953 893 987 957 in
1012 891 1159 963 editione

77 1004 135 1082 tlt,
172 1029 269 1097 quam
302 1001 452 1069 collectis
479 1008 681 1070 imitationis
706 1001 891 1071 Plautinae
918 1006 1079 1097 exemplis
1107 1008 1160 1074 di-

76 1120 173 1201 tarit3
207 1120 363 1186 ficticium
401 1117 516 1185 dicere
542 1120 747 1186 Niebuhrius
773 1145 840 1185 non
866 1119 1037 1191 dubitavit.
1086 1126 1159 1191 Nee

77 1237 262 1331 praeterire
289 1259 478 1326 quenquam
505 1253 624 1327 potest,
651 1237 761 1302 fictum
782 1238 929 1302 Graecae
946 1237 1076 1304 fabulae
1098 1263 1161 1304 nos
1200 1304 1203 1318 Α,

79 1379 154 1420 rnen
181 1375 252 1419 esse
277 1351 319 1419 ab
344 1375 396 1429 ee,
419 1353 476 1442 qui
503 1350 639 1418 latinum
664 1351 852 1418 Bacchides
878 1370 1008 1418 vertere
1036 1353 1162 1433 volens,
1198 1360 1202 1403 ἓ

81 1493 149 1533 non
183 1466 315 1546 valens,
350 1464 393 1530 de
419 1467 539 1532 Bacchi
569 1470 702 1534 nomine
727 1469 828 1535 Euan
854 1471 1030 1561 cogitaret:
1070 1470 1162 1534 cuius

81 1699 239 1765 tissimum
268 1698 300 1762 in
328 1695 464 1762 modum
489 1696 612 1763 mentio
640 1696 883 1789 frequentatur.
929 1700 1028 1782 Quod
1052 1720 1163 1768 autem

79 1815 171 1881 ouius
198 1813 320 1878 Graeci
345 1830 465 1903 poetae
492 1812 683 1904 exemplum
710 1815 910 1903 expresserit
931 1815 1075 1895 Plautus,
1102 1818 1162 1883 etsi

77 1954 146 1995 nou
172 1945 223 1995 est
248 1928 433 1994 testimonio
460 1927 647 2020 proditum,
687 1947 795 1995 tamon
825 1928 913 1994 haud
948 1931 1163 2022 improbabili

81 2062 117 2112 ut
150 2045 292 2112 arbitror
326 2046 517 2111 coniectura
552 2045 687 2136 assequi
720 2043 812 2110 licet.
869 2044 1029 2112 Reddidit
1065 2049 1164 2129 enim,

81 2162 143 2225 nisi
171 2158 283 2238 fallor,
308 2158 529 2226 Menandri
553 2151 632 2235 Δὶς
655 2150 966 2239 ἐξαπατῶντα.
994 2164 1077 2228 Nam
1093 2165 1165 2256 pri-

83 2301 173 2340 mum
198 2276 269 2366 ipsa
292 2276 464 2366 inscriptio
490 2275 525 2340 in
550 2273 735 2340 Bacchides
763 2275 904 2366 quadrat
928 2295 964 2342 ut
990 2302 1074 2369 quae
1098 2305 1165 2342 ma-

82 2395 187 2475 xime3
216 2393 343 2482 quippe
371 2393 477 2456 omnis
504 2391 686 2482 argumenti
711 2391 857 2457 inventio
877 2410 910 2456 et
928 2395 1075 2458 tractatio
1090 2394 1165 2458 fun·

83 2506 237 2573 damento
270 2509 385 2571 nititur
420 2505 502 2583 hoc,
534 2504 624 2596 quod
659 2505 700 2569 ab
734 2529 798 2570 ano
829 2504 1040 2572 callidissimo
1067 2532 1164 2575 servo

86 2621 247 2713 Chrysalo
281 2645 346 2687 uno
385 2619 571 2711 eodemque
613 2619 668 2685 die
703 2619 890 2711 eademque
917 2623 950 2686 in
978 2647 1088 2688 cariosa
1113 2624 1165 2689 bis

84 2738 253 2827 decipitur
286 2735 467 2803 'Nicobulus
503 2761 616 2802 senex.
677 2735 775 2819 Quod
811 2737 844 2799 in
866 2735 936 2825 ipsa
962 2736 1072 2801 sabula
1096 2754 1167 2803 tum

82 2852 268 2921 Nicobulus
291 2853 413 2919 fatetur
435 2869 503 2917 tum
530 2849 711 2941 Chrysalus
741 2849 901 2942 gloriatur
925 2866 992 2914 tum
1018 2853 1089 2917 seni
1109 2877 1167 2916 ex-

81 2971 221 3062 probrat
243 2968 470 3035 cavillabunda
497 2992 560 3033 una
585 2964 798 3034 Bacchidem.
826 2967 882 3034 Sic
909 2967 1064 3046 enimv,
1093 2965 1165 3047 1,4

82 3110 209 3153 senex:

181 3192 299 3269 Perii:
322 3198 447 3290 pudet:
473 3198 594 3264 dociae
620 3221 672 3263 me
696 3192 821 3262 ao'tatis
844 3190 941 3260 iudeis
962 3194 1166 3283 bisfactum

672 3337 744 3379 esse
767 3305 920 3402 indigne.
947 3309 978 3395 *)

84 3428 221 3497 Bricchis
249 3448 355 3495 autem
381 3431 423 3509 V,
450 3432 482 3507 2,
510 3428 550 3498 9:
1199 3428 1202 3434 ’

181 3544 249 3611 Pol
271 3539 370 3609 liiidie
399 3544 510 3610 altera
531 3538 615 3608 liade
637 3546 704 3608 iam
731 3540 781 3607 bis
806 3536 952 3606 cle'toasa
973 3535 1069 3609 m'rio
1094 3476 1236 3607 est]

30 3676 35 3683 ‘
84 3658 142 3724 ubi
166 3660 364 3727 inseruimus
399 3661 482 3726 liaeo
507 3662 541 3724 in
571 3657 665 3724 tibris
692 3659 859 3725 omissum.
885 3658 1041 3748 Denique
1067 3653 1087 3720 ὁ
1115 3647 1170 3733 δὶς
1230 3692 1235 3745 ἱ

86 3766 274 3853 ἐξαπατῶν
298 3776 369 3868 ipse
393 3777 450 3857 IV,
477 3775 511 3856 9,
535 3773 572 3842 4:

184 3889 256 3958 Sed
275 3885 433 3959 Priamus
463 3891 518 3957 liic
550 3889 654 3956 arulto
681 3881 732 3953 illi
754 3899 929 3976 praestat:
970 3878 1041 3949 adn
1071 3885 1171 3972 quia-

676 3995 847 4093 qaagiuta'
872 3996 987 4072 modo,

190 4114 448 4211 Quadrigentos
474 4115 566 4210 filio's
598 4116 721 4189 babet,
751 4129 853 4203 atque
879 4111 1033 4202 equidem
1058 4105 1169 4176 (imnis

674 4230 781 4296 lectos
806 4225 882 4291 sine
906 4226 1042 4319 probra.

187 4352 254 4418 Eos
287 4345 352 4440 rigo
384 4349 484 4416 bodie
518 4352 628 4414 omnis
662 4340 895 4411 odatrancabo
927 4336 1057 4408 daddus
1089 4339 1173 4408 solis

683 4453 814 4527 ictibus.

94 4625 389 4644 -——-=-

144 4715 170 4780 a)
197 4709 236 4764 Ila
254 4710 303 4762 troc
321 4723 400 4763 versa
416 4707 478 4761 uide
494 4705 653 4774 optumrum
