2820 5332
257 750 312 792 xlv
711 751 901 795 ΡΜΕΗΊῚΟ.

256 925 357 992 tbeto.
393 922 615 989 Atellanarum
643 947 785 1014 persona
810 924 941 992 ludicra
968 924 1206 992 dorsennus
1235 927 1339 1012 (haud

255 1022 357 1090 dubie
391 1049 408 1088 a
444 1023 534 1088 dorsi
560 1023 700 1114 gibbere
732 1022 834 1108 dicta)
863 1049 932 1089 non
970 1042 1019 1091 cst
1054 1023 1167 1091 bellno
1192 1025 1341 1104 lurcare,

257 1124 317 1189 sed
343 1121 488 1187 hariolus
517 1119 668 1213 quidam:
698 1120 740 1186 de
766 1146 833 1215 quo
862 1121 1019 1190 Munkius
1048 1126 1200 1215 exposuit
1224 1150 1257 1216 p.
1284 1126 1342 1193 35.

253 1222 369 1315 Itaque
396 1245 463 1288 non
497 1219 700 1312 peculiarem
725 1222 965 1315 propriamque
991 1220 1149 1289 dorsenni
1176 1223 1342 1305 indolem,

253 1347 319 1413 qua
341 1323 368 1386 is
394 1321 436 1384 ab
460 1318 530 1384 aliis
549 1317 775 1385 Atellanarum
796 1323 960 1412 personia,
988 1346 1073 1390 mac
1088 1346 1153 1402 co,
1177 1347 1261 1414 pap
1269 1348 1343 1415 po,

252 1421 453 1488 buccone
464 1467 473 1498 ,
512 1415 664 1498 distabat,
699 1421 844 1511 spectari
879 1420 919 1485 ab
948 1420 1084 1487 Horatio
1120 1419 1246 1499 credo,
1281 1422 1343 1488 sed

254 1542 462 1586 communem
490 1518 636 1582 omnium
654 1517 904 1586 scurrilitatem:
929 1543 992 1585 nec
1019 1518 1212 1586 edacitatem
1236 1520 1342 1587 solam

252 1619 482 1710 parasitorum,
507 1614 567 1679 sed
586 1614 735 1682 edacium
752 1620 971 1708 parasitorum
994 1621 1076 1684 item
1093 1617 1339 1699 scurrilitatem,

250 1717 405 1809 plurimis
451 1738 522 1779 eam
572 1714 733 1806 exemplis
769 1715 994 1782 Plautinarum
1033 1716 1218 1783 fabularum
1263 1717 1340 1785 illu-

251 1835 373 1893 strem,
402 1838 441 1878 ex
465 1814 605 1904 ipsaque
633 1813 717 1879 lame
745 1815 981 1881 consectariam
1008 1832 1108 1908 atquc
1136 1819 1340 1884 coniunctis-

251 1916 364 1980 simam
405 1937 480 1979 cum
515 1911 687 1979 edacitate.
739 1913 812 1979 Hoc
852 1931 888 1979 ut
919 1913 1008 1981 dicat
1039 1933 1154 2006 poeta:
1188 1924 1337 2005 quantas

251 2018 321 2106 ipse
346 2035 466 2077 scurra
494 2016 541 2076 sit
567 2016 603 2076 in
624 2017 752 2077 scurris
774 2016 939 2103 parasitis
964 2011 1205 2079 describendis.
1234 2013 1336 2081 Vides

251 2129 405 2205 quattuor
430 2135 591 2202 personas
605 2113 777 2201 primarias
804 2111 933 2176 fabulae
959 2111 1112 2203 palliatae
1137 2114 1336 2206 perstringi:

251 2212 386 2277 amantis
415 2209 558 2301 ephebi,
594 2211 697 2300 patris
723 2212 857 2288 attenti,
883 2209 1011 2277 lenonis
1037 2211 1197 2290 insidiosi,
1225 2210 1336 2279 edacis

251 2310 405 2403 parasiti:
447 2309 574 2373 buius
612 2324 718 2373 autem
757 2307 833 2399 plus
869 2309 965 2373 etiam
998 2334 1097 2401 qnam
1129 2309 1335 2403 reliquarum

254 2409 484 2475 tractationem
504 2407 687 2472 Plautinum
714 2406 918 2473 stomachum
944 2407 1080 2475 Horatio
1106 2432 1251 2476 movere.

351 2535 647 2597 Ι).135.141.144
676 2520 719 2587 de
747 2520 930 2587 Caecilii
971 2523 1335 2615 Hypobolimaeo

251 2641 285 2690 et
311 2621 672 2716 Hypobolimaea
704 2623 914 2685 rastaria
936 2621 1103 2688 dicentem
1125 2623 1207 2714 fugit
1227 2623 1335 2688 Grau-

250 2725 313 2789 erti
340 2723 519 2814 disputatio
546 2717 697 2786 Analeet
724 2720 797 2785 hist.
825 2738 857 2785 et
887 2720 968 2811 phil.
997 2747 1029 2812 p.
1058 2725 1104 2792 75
1130 2747 1215 2814 sqq,
1243 2725 1334 2789 cuias

248 2845 338 2888 nunc
365 2839 520 2913 tanquam
546 2818 749 2912 longinquae
763 2820 942 2884 memoriae
965 2819 1199 2886 recordatione
1215 2820 1335 2888 admo-

248 2945 341 2988 neor.
392 2919 584 2986 Ostenderc
608 2917 665 2983 ille
700 2936 748 2983 sat
774 2918 1004 3009 probabilibus
1030 2922 1228 3012 argumentis
1264 2937 1352 2985 stu-·

198 3089 200 3093 ,
250 3019 331 3098 duit,
357 3044 421 3085 nec
436 3017 732 3111 Hypobolimaeam
746 3042 808 3082 nec
823 3016 1123 3109 llypobolimaeam
1147 3022 1335 3084 rasti-ariam

250 3117 388 3184 Caecilii
414 3141 558 3208 unquam
587 3116 763 3195 exstitisse,
800 3115 860 3181 sed
890 3140 987 3180 unam
1014 3116 1331 3208 Hypobolimaeam,

251 3242 390 3309 eamque
417 3213 521 3282 altero
547 3218 682 3281 nomine
708 3213 925 3280 Rastrariam
950 3214 1071 3281 dictam
1099 3242 1170 3281 esse
1196 3234 1232 3280 ut
1256 3220 1332 3281 asi.

246 3318 383 3395 nariam,
419 3313 656 3380 Mostellariam
682 3330 875 3407 ceterasque
912 3314 1006 3378 buius
1044 3316 1176 3407 generis
1204 3314 1330 3383 fabulas

245 3413 421 3482 Plautinas.
460 3414 502 3480 Et
528 3412 570 3479 de
596 3412 759 3478 librorum
786 3438 861 3478 mss.
879 3411 946 3476 fide
971 3414 1092 3478 certius
1117 3415 1215 3479 etiam
1240 3413 1329 3479 iudi-

245 3538 320 3582 care
347 3538 434 3579 nune
464 3513 549 3579 licet.
602 3513 666 3594 Qui
693 3510 830 3602 quidem
867 3514 936 3602 ipsa
962 3511 1235 3603 Hypobolimaeo
1273 3537 1329 3578 ra·

244 3617 373 3680 straria
398 3614 530 3679 nomina
557 3609 663 3676 semel
685 3626 810 3675 tantum
837 3627 995 3676 testantur
1018 3613 1118 3677 Nonii
1142 3639 1175 3704 p.
1205 3611 1261 3686 16,
1288 3638 1327 3679 ac

242 3711 344 3779 semel
372 3731 544 3802 praeterea
570 3711 757 3774 femininam
793 3709 929 3776 formam
967 3709 1049 3774 ibid.
1077 3736 1110 3802 p.
1135 3713 1197 3783 89:
1224 3711 1324 3776 Peri-

241 3811 328 3878 boea
354 3814 532 3876 imtraria.
586 3808 732 3901 Reliquis
769 3810 916 3900 quinque
950 3809 1048 3872 Nonii
1073 3808 1236 3901 exemplis
1270 3830 1325 3876 aut

242 3936 309 3977 non
343 3909 440 4001 plena
469 3910 700 3974 terminatione
728 3909 948 3998 perscriptum
981 3910 1074 3998 prius
1108 3933 1229 3975 nomen
1265 3928 1324 3987 est,

242 4010 304 4076 sed
328 4005 591 4100 Hippobolimen
623 4033 657 4097 p.
685 4005 757 4085 178,
783 4005 959 4096 Hypoboli
982 4033 1015 4098 p.
1045 4006 1127 4083 176,
1152 4007 1328 4098 Hypovoli

242 4101 430 4195 (ristrarial
455 4133 486 4199 p.
517 4103 595 4185 147,
618 4103 751 4196 Hypob.
778 4130 809 4196 p.
837 4107 917 4183 505,
952 4123 1007 4170 aut
1028 4108 1099 4198 ipsa
1124 4107 1227 4174 forma
1255 4131 1324 4171 ma-

241 4208 367 4275 sculina
392 4223 531 4272 serrata:
557 4203 827 4294 Hypobolimaeo
855 4203 1027 4269 rastrabia
1052 4233 1085 4297 p.
1112 4204 1168 4276 40.
1208 4205 1324 4271 Gemi·

237 4331 312 4372 nam
347 4325 453 4371 autem
481 4305 732 4394 inscriptionem
759 4301 1046 4395 Hypobolimaeas
1080 4321 1113 4370 et
1138 4304 1324 4370 Rastraria

238 4404 329 4498 quod
369 4407 403 4470 in
437 4407 532 4468 unius
561 4401 679 4467 indicis
707 4404 956 4469 continuitatem
991 4405 1135 4468 iunctam
1162 4404 1322 4481 videmus,

236 4504 272 4570 id
297 4503 358 4570 soli
385 4505 533 4569 inscitiae
561 4503 661 4567 Nonii
684 4501 912 4567 tribuendum:
943 4526 1004 4567 nec
1031 4504 1131 4595 magis
1158 4501 1323 4594 Hypobo-

236 4603 377 4669 limaeus
412 4607 481 4668 sive
519 4601 705 4667 Rastraria
741 4598 807 4664 diei
845 4601 971 4691 potuit,
1012 4604 1101 4692 qnod
1143 4603 1244 4666 visum
1273 4619 1324 4666 est

236 4701 413 4770 Grauerto.
465 4704 564 4781 Duas,
591 4699 651 4766 nisi
679 4695 833 4779 fallimur,
860 4693 1156 4793 Ὗποβολιμαίους
1182 4717 1325 4767 verterat
