<?xml version="1.0" encoding="UTF-8"?>
<!DOCTYPE html PUBLIC "-//W3C//DTD XHTML 1.0 Transitional//EN"
    "http://www.w3.org/TR/xhtml1/DTD/xhtml1-transitional.dtd">
<html xmlns="http://www.w3.org/1999/xhtml" xml:lang="en" lang="en">
 <head>
  <title>
</title>
<meta http-equiv="Content-Type" content="text/html;charset=utf-8" />
  <meta name='ocr-system' content='tesseract 3.04.00' />
  <meta name='ocr-capabilities' content='ocr_page ocr_carea ocr_par ocr_line ocrx_word'/>
</head>
<body>
  <div class='ocr_page' id='page_1' title='image "./parergonplautin01ritsgoog_0517.png"; bbox 0 0 2820 5332; ppageno 0'>
   <div class='ocr_carea' id='block_1_1' title="bbox 224 676 1092 752">
    <p class='ocr_par' dir='ltr' id='par_1_1' title="bbox 224 676 1092 752">
     <span class='ocr_line' id='line_1_1' title="bbox 224 676 1092 752; baseline -0.007 -4"><span class='ocrx_word' id='word_1_1' title='bbox 224 676 300 752; x_wconf 75' lang='lat'>476</span> <span class='ocrx_word' id='word_1_2' title='bbox 445 699 512 745; x_wconf 87' lang='lat' dir='ltr'>vut.</span> <span class='ocrx_word' id='word_1_3' title='bbox 538 700 751 745; x_wconf 71' lang='lat' dir='ltr'>servituro</span> <span class='ocrx_word' id='word_1_4' title='bbox 774 698 943 743; x_wconf 76' lang='lat' dir='ltr'>sceutsvu</span> <span class='ocrx_word' id='word_1_5' title='bbox 969 699 1092 742; x_wconf 75' lang='lat' dir='ltr'>usurus</span> 
     </span>
    </p>
   </div>
   <div class='ocr_carea' id='block_1_2' title="bbox 112 873 1312 1880">
    <p class='ocr_par' dir='ltr' id='par_1_2' title="bbox 112 873 1312 1880">
     <span class='ocr_line' id='line_1_2' title="bbox 225 873 1312 970; baseline -0.001 -26"><span class='ocrx_word' id='word_1_6' title='bbox 225 874 339 970; x_wconf 84' lang='lat' dir='ltr'>telligi.</span> <span class='ocrx_word' id='word_1_7' title='bbox 396 876 567 943; x_wconf 86' lang='lat' dir='ltr'>Postremo</span> <span class='ocrx_word' id='word_1_8' title='bbox 601 876 710 968; x_wconf 87' lang='lat' dir='ltr'>ipsum</span> <span class='ocrx_word' id='word_1_9' title='bbox 742 873 826 941; x_wconf 85' lang='lat' dir='ltr'>illud</span> <span class='ocrx_word' id='word_1_10' title='bbox 849 873 1088 966; x_wconf 80' lang='lat' dir='ltr'>perductorem</span> <span class='ocrx_word' id='word_1_11' title='bbox 1113 897 1182 940; x_wconf 87' lang='lat' dir='ltr'>uon</span> <span class='ocrx_word' id='word_1_12' title='bbox 1202 873 1312 943; x_wconf 86' lang='lat' dir='ltr'>modo</span> 
     </span>
     <span class='ocr_line' id='line_1_3' title="bbox 224 989 1311 1086; baseline -0.002 -27"><span class='ocrx_word' id='word_1_13' title='bbox 224 991 429 1086; x_wconf 73' lang='lat' dir='ltr'>aliquantum</span> <span class='ocrx_word' id='word_1_14' title='bbox 453 989 589 1083; x_wconf 81' lang='lat' dir='ltr'>languet</span> <span class='ocrx_word' id='word_1_15' title='bbox 614 1009 692 1082; x_wconf 86' lang='lat' dir='ltr'>post</span> <span class='ocrx_word' id='word_1_16' title='bbox 717 993 845 1085; x_wconf 81' lang='lat' dir='ltr'>gravius</span> <span class='ocrx_word' id='word_1_17' title='bbox 871 989 1014 1057; x_wconf 72' lang='lat' dir='ltr'>demere</span> <span class='ocrx_word' id='word_1_18' title='bbox 1048 991 1206 1071; x_wconf 84' lang='lat' dir='ltr'>verbum,</span> <span class='ocrx_word' id='word_1_19' title='bbox 1245 991 1311 1057; x_wconf 86' lang='lat' dir='ltr'>sed</span> 
     </span>
     <span class='ocr_line' id='line_1_4' title="bbox 224 1106 1312 1199; baseline -0.004 -24"><span class='ocrx_word' id='word_1_20' title='bbox 224 1108 323 1175; x_wconf 76' lang='lat' dir='ltr'>eiiam</span> <span class='ocrx_word' id='word_1_21' title='bbox 346 1108 387 1173; x_wconf 84' lang='lat' dir='ltr'>iis</span> <span class='ocrx_word' id='word_1_22' title='bbox 409 1130 496 1199; x_wconf 80' lang='lat' dir='ltr'>quse</span> <span class='ocrx_word' id='word_1_23' title='bbox 526 1123 776 1198; x_wconf 71' lang='lat' dir='ltr'>praecesserunt</span> <span class='ocrx_word' id='word_1_24' title='bbox 805 1106 946 1170; x_wconf 86' lang='lat' dir='ltr'>minime¹</span> <span class='ocrx_word' id='word_1_25' title='bbox 963 1123 1220 1173; x_wconf 77' lang='lat' dir='ltr'>cousentaneum</span> <span class='ocrx_word' id='word_1_26' title='bbox 1247 1123 1312 1171; x_wconf 85' lang='lat' dir='ltr'>est.</span> 
     </span>
     <span class='ocr_line' id='line_1_5' title="bbox 224 1219 1311 1315; baseline -0.001 -25"><span class='ocrx_word' id='word_1_27' title='bbox 224 1224 344 1315; x_wconf 83' lang='lat' dir='ltr'>Neque</span> <span class='ocrx_word' id='word_1_28' title='bbox 369 1221 459 1287; x_wconf 89' lang='lat' dir='ltr'>cuim</span> <span class='ocrx_word' id='word_1_29' title='bbox 486 1245 563 1286; x_wconf 87' lang='lat' dir='ltr'>usus</span> <span class='ocrx_word' id='word_1_30' title='bbox 591 1237 662 1286; x_wconf 84' lang='lat' dir='ltr'>erut</span> <span class='ocrx_word' id='word_1_31' title='bbox 687 1222 778 1288; x_wconf 87' lang='lat' dir='ltr'>Simo</span> <span class='ocrx_word' id='word_1_32' title='bbox 809 1219 1023 1311; x_wconf 82' lang='lat' dir='ltr'>perducendi</span> <span class='ocrx_word' id='word_1_33' title='bbox 1050 1219 1231 1288; x_wconf 81' lang='lat' dir='ltr'>vocabulo:</span> <span class='ocrx_word' id='word_1_34' title='bbox 1272 1239 1311 1289; x_wconf 81' lang='lat' dir='ltr'>ut</span> 
     </span>
     <span class='ocr_line' id='line_1_6' title="bbox 112 1333 1309 1413; baseline 0.001 -9"><span class='ocrx_word' id='word_1_35' title='bbox 112 1405 114 1413; x_wconf 70' lang='lat'>.</span> <span class='ocrx_word' id='word_1_36' title='bbox 223 1354 315 1404; x_wconf 87' lang='lat' dir='ltr'>recte</span> <span class='ocrx_word' id='word_1_37' title='bbox 343 1355 375 1403; x_wconf 89' lang='lat' dir='ltr'>et</span> <span class='ocrx_word' id='word_1_38' title='bbox 397 1338 561 1405; x_wconf 80' lang='lat' dir='ltr'><strong>concinne</strong></span> <span class='ocrx_word' id='word_1_39' title='bbox 587 1335 639 1401; x_wconf 82' lang='lat' dir='ltr'>nil</span> <span class='ocrx_word' id='word_1_40' title='bbox 662 1359 778 1401; x_wconf 90' lang='lat' dir='ltr'>moror</span> <span class='ocrx_word' id='word_1_41' title='bbox 802 1333 980 1402; x_wconf 85' lang='lat' dir='ltr'>ductarier</span> <span class='ocrx_word' id='word_1_42' title='bbox 990 1335 1178 1402; x_wconf 80' lang='lat' dir='ltr'>referantur</span> <span class='ocrx_word' id='word_1_43' title='bbox 1194 1335 1309 1405; x_wconf 87' lang='lat' dir='ltr'>Simo·</span> 
     </span>
     <span class='ocr_line' id='line_1_7' title="bbox 223 1450 1310 1543; baseline -0.002 -24"><span class='ocrx_word' id='word_1_44' title='bbox 223 1453 274 1519; x_wconf 86' lang='lat' dir='ltr'>uis</span> <span class='ocrx_word' id='word_1_45' title='bbox 301 1451 410 1518; x_wconf 85' lang='lat' dir='ltr'>verbis</span> <span class='ocrx_word' id='word_1_46' title='bbox 434 1476 516 1516; x_wconf 84' lang='lat' dir='ltr'>uem</span> <span class='ocrx_word' id='word_1_47' title='bbox 543 1469 679 1542; x_wconf 79' lang='lat' dir='ltr'>egomet</span> <span class='ocrx_word' id='word_1_48' title='bbox 703 1450 900 1525; x_wconf 84' lang='lat' dir='ltr'>ductorem,</span> <span class='ocrx_word' id='word_1_49' title='bbox 937 1476 1056 1543; x_wconf 79' lang='lat' dir='ltr'>parum</span> <span class='ocrx_word' id='word_1_50' title='bbox 1089 1469 1199 1517; x_wconf 81' lang='lat' dir='ltr'>eutem</span> <span class='ocrx_word' id='word_1_51' title='bbox 1225 1476 1310 1520; x_wconf 87' lang='lat' dir='ltr'>cou-</span> 
     </span>
     <span class='ocr_line' id='line_1_8' title="bbox 224 1565 1306 1661; baseline -0.003 -27"><span class='ocrx_word' id='word_1_52' title='bbox 224 1585 384 1661; x_wconf 82' lang='lat' dir='ltr'>gruenter</span> <span class='ocrx_word' id='word_1_53' title='bbox 406 1566 594 1659; x_wconf 80' lang='lat' dir='ltr'>perductur</span> <span class='ocrx_word' id='word_1_54' title='bbox 618 1590 743 1633; x_wconf 88' lang='lat' dir='ltr'>nomeu</span> <span class='ocrx_word' id='word_1_55' title='bbox 763 1584 838 1660; x_wconf 88' lang='lat' dir='ltr'>post</span> <span class='ocrx_word' id='word_1_56' title='bbox 856 1565 1066 1633; x_wconf 80' lang='lat' dir='ltr'><strong><em>circumduce</em></strong></span> <span class='ocrx_word' id='word_1_57' title='bbox 1091 1567 1230 1634; x_wconf 87' lang='lat' dir='ltr'>verbum</span> <span class='ocrx_word' id='word_1_58' title='bbox 1252 1568 1306 1632; x_wconf 88' lang='lat' dir='ltr'>in-</span> 
     </span>
     <span class='ocr_line' id='line_1_9' title="bbox 223 1681 1305 1776; baseline -0.001 -26"><span class='ocrx_word' id='word_1_59' title='bbox 223 1681 357 1750; x_wconf 75' lang='lat' dir='ltr'>feretur.</span> <span class='ocrx_word' id='word_1_60' title='bbox 408 1685 497 1776; x_wconf 82' lang='lat' dir='ltr'>Ergo</span> <span class='ocrx_word' id='word_1_61' title='bbox 524 1681 616 1776; x_wconf 84' lang='lat' dir='ltr'>quod</span> <span class='ocrx_word' id='word_1_62' title='bbox 641 1701 868 1775; x_wconf 75' lang='lat' dir='ltr'>exspectatur,</span> <span class='ocrx_word' id='word_1_63' title='bbox 894 1705 962 1750; x_wconf 89' lang='lat' dir='ltr'>uon</span> <span class='ocrx_word' id='word_1_64' title='bbox 986 1701 1036 1749; x_wconf 88' lang='lat' dir='ltr'>est</span> <span class='ocrx_word' id='word_1_65' title='bbox 1060 1701 1096 1750; x_wconf 91' lang='lat' dir='ltr'>ut</span> <span class='ocrx_word' id='word_1_66' title='bbox 1116 1681 1305 1774; x_wconf 79' lang='lat' dir='ltr'>perductur</span> 
     </span>
     <span class='ocr_line' id='line_1_10' title="bbox 225 1778 1304 1880; baseline 0.001 -16"><span class='ocrx_word' id='word_1_67' title='bbox 225 1816 520 1880; x_wconf 80' lang='lat' dir='ltr'>commemoretur,</span> <span class='ocrx_word' id='word_1_68' title='bbox 545 1778 618 1864; x_wconf 27' lang='lat' dir='ltr'>sed·</span> <span class='ocrx_word' id='word_1_69' title='bbox 633 1816 668 1866; x_wconf 89' lang='lat' dir='ltr'>ut</span> <span class='ocrx_word' id='word_1_70' title='bbox 694 1795 950 1864; x_wconf 79' lang='lat' dir='ltr'>circumductor.</span> <span class='ocrx_word' id='word_1_71' title='bbox 1001 1801 1072 1866; x_wconf 88' lang='lat' dir='ltr'>Nec</span> <span class='ocrx_word' id='word_1_72' title='bbox 1088 1799 1123 1862; x_wconf 88' lang='lat' dir='ltr'>iu</span> <span class='ocrx_word' id='word_1_73' title='bbox 1134 1796 1209 1865; x_wconf 85' lang='lat' dir='ltr'>lusu</span> <span class='ocrx_word' id='word_1_74' title='bbox 1227 1822 1304 1865; x_wconf 84' lang='lat' dir='ltr'>ver·</span> 
     </span>
    </p>
   </div>
   <div class='ocr_carea' id='block_1_3' title="bbox 225 1901 1304 2008">
    <p class='ocr_par' dir='ltr' id='par_1_3' title="bbox 225 1901 1304 2008">
     <span class='ocr_line' id='line_1_11' title="bbox 225 1901 1304 2008; baseline 0.002 -30"><span class='ocrx_word' id='word_1_75' title='bbox 225 1915 345 1980; x_wconf 89' lang='lat' dir='ltr'>borum</span> <span class='ocrx_word' id='word_1_76' title='bbox 370 1913 482 2007; x_wconf 77' lang='lat' dir='ltr'>aliquo</span> <span class='ocrx_word' id='word_1_77' title='bbox 521 1938 666 2006; x_wconf 79' lang='lat' dir='ltr'>uuquam</span> <span class='ocrx_word' id='word_1_78' title='bbox 699 1915 819 1981; x_wconf 81' lang='lat' dir='ltr'>veritus</span> <span class='ocrx_word' id='word_1_79' title='bbox 855 1931 904 1979; x_wconf 88' lang='lat' dir='ltr'>est</span> <span class='ocrx_word' id='word_1_80' title='bbox 934 1912 1066 1980; x_wconf 78' lang='lat' dir='ltr'>Plautus</span> <span class='ocrx_word' id='word_1_81' title='bbox 1100 1913 1154 1980; x_wconf 87' lang='lat' dir='ltr'>vel</span> <span class='ocrx_word' id='word_1_82' title='bbox 1176 1901 1304 2008; x_wconf 76' lang='lat' dir='ltr'>fingere</span> 
     </span>
    </p>
   </div>
   <div class='ocr_carea' id='block_1_4' title="bbox 225 2027 1318 4784">
    <p class='ocr_par' dir='ltr' id='par_1_4' title="bbox 225 2027 1310 2934">
     <span class='ocr_line' id='line_1_12' title="bbox 225 2027 1307 2123; baseline 0.003 -28"><span class='ocrx_word' id='word_1_83' title='bbox 225 2052 359 2111; x_wconf 84' lang='lat' dir='ltr'>novum,</span> <span class='ocrx_word' id='word_1_84' title='bbox 385 2027 478 2123; x_wconf 87' lang='lat' dir='ltr'>quod</span> <span class='ocrx_word' id='word_1_85' title='bbox 506 2055 524 2096; x_wconf 93' lang='lat' dir='ltr'>e</span> <span class='ocrx_word' id='word_1_86' title='bbox 549 2055 585 2096; x_wconf 90' lang='lat' dir='ltr'>re</span> <span class='ocrx_word' id='word_1_87' title='bbox 610 2046 705 2111; x_wconf 79' lang='lat' dir='ltr'>esset,</span> <span class='ocrx_word' id='word_1_88' title='bbox 728 2027 941 2097; x_wconf 76' lang='lat' dir='ltr'>vocabulum:</span> <span class='ocrx_word' id='word_1_89' title='bbox 968 2031 995 2096; x_wconf 90' lang='lat' dir='ltr'>si</span> <span class='ocrx_word' id='word_1_90' title='bbox 1021 2027 1218 2096; x_wconf 84' lang='lat' dir='ltr'>modoillud</span> <span class='ocrx_word' id='word_1_91' title='bbox 1243 2055 1307 2098; x_wconf 86' lang='lat' dir='ltr'>no-</span> 
     </span>
     <span class='ocr_line' id='line_1_13' title="bbox 226 2143 1308 2239; baseline 0.002 -28"><span class='ocrx_word' id='word_1_92' title='bbox 226 2169 324 2225; x_wconf 84' lang='lat' dir='ltr'>vum,</span> <span class='ocrx_word' id='word_1_93' title='bbox 355 2146 447 2211; x_wconf 86' lang='lat' dir='ltr'>cuius</span> <span class='ocrx_word' id='word_1_94' title='bbox 479 2168 540 2211; x_wconf 87' lang='lat' dir='ltr'>uos</span> <span class='ocrx_word' id='word_1_95' title='bbox 575 2143 765 2237; x_wconf 77' lang='lat' dir='ltr'>exemplum</span> <span class='ocrx_word' id='word_1_96' title='bbox 791 2143 894 2212; x_wconf 91' lang='lat' dir='ltr'>hodie</span> <span class='ocrx_word' id='word_1_97' title='bbox 920 2169 986 2212; x_wconf 89' lang='lat' dir='ltr'>nou</span> <span class='ocrx_word' id='word_1_98' title='bbox 1018 2144 1176 2239; x_wconf 80' lang='lat' dir='ltr'>legumus.</span> <span class='ocrx_word' id='word_1_99' title='bbox 1233 2148 1308 2229; x_wconf 87' lang='lat' dir='ltr'>Quo</span> 
     </span>
     <span class='ocr_line' id='line_1_14' title="bbox 226 2259 1310 2353; baseline 0.003 -28"><span class='ocrx_word' id='word_1_100' title='bbox 226 2279 335 2328; x_wconf 79' lang='lat' dir='ltr'>eutem</span> <span class='ocrx_word' id='word_1_101' title='bbox 359 2277 487 2353; x_wconf 84' lang='lat' dir='ltr'>spectat</span> <span class='ocrx_word' id='word_1_102' title='bbox 514 2259 791 2328; x_wconf 78' lang='lat' dir='ltr'>circumducendi</span> <span class='ocrx_word' id='word_1_103' title='bbox 816 2262 917 2339; x_wconf 85' lang='lat' dir='ltr'>notio,</span> <span class='ocrx_word' id='word_1_104' title='bbox 947 2261 1091 2327; x_wconf 82' lang='lat' dir='ltr'>eundem</span> <span class='ocrx_word' id='word_1_105' title='bbox 1115 2262 1150 2326; x_wconf 88' lang='lat' dir='ltr'>in</span> <span class='ocrx_word' id='word_1_106' title='bbox 1174 2279 1310 2353; x_wconf 86' lang='lat' dir='ltr'>purtem</span> 
     </span>
     <span class='ocr_line' id='line_1_15' title="bbox 226 2372 1309 2468; baseline -0.002 -26"><span class='ocrx_word' id='word_1_107' title='bbox 226 2374 515 2468; x_wconf 80' lang='lat' dir='ltr'>interpretandum</span> <span class='ocrx_word' id='word_1_108' title='bbox 539 2372 698 2442; x_wconf 77' lang='lat' dir='ltr'>ductandi</span> <span class='ocrx_word' id='word_1_109' title='bbox 723 2376 884 2455; x_wconf 87' lang='lat' dir='ltr'>verbum,</span> <span class='ocrx_word' id='word_1_110' title='bbox 916 2396 952 2443; x_wconf 86' lang='lat' dir='ltr'>ut</span> <span class='ocrx_word' id='word_1_111' title='bbox 983 2376 1099 2444; x_wconf 78' lang='lat' dir='ltr'>omissa</span> <span class='ocrx_word' id='word_1_112' title='bbox 1127 2376 1217 2442; x_wconf 90' lang='lat' dir='ltr'>omni</span> <span class='ocrx_word' id='word_1_113' title='bbox 1244 2376 1309 2441; x_wconf 90' lang='lat' dir='ltr'>ob-</span> 
     </span>
     <span class='ocr_line' id='line_1_16' title="bbox 227 2471 1306 2586; baseline -0.003 -28"><span class='ocrx_word' id='word_1_114' title='bbox 227 2493 388 2560; x_wconf 80' lang='lat' dir='ltr'>scenitate</span> <span class='ocrx_word' id='word_1_115' title='bbox 416 2490 460 2558; x_wconf 86' lang='lat' dir='ltr'>de</span> <span class='ocrx_word' id='word_1_116' title='bbox 487 2489 634 2559; x_wconf 78' lang='lat' dir='ltr'>sallendo</span> <span class='ocrx_word' id='word_1_117' title='bbox 648 2541 657 2571; x_wconf 91' lang='lat'>‚</span> <span class='ocrx_word' id='word_1_118' title='bbox 684 2471 889 2584; x_wconf 88' lang='lat' dir='ltr'>decipiendo</span> <span class='ocrx_word' id='word_1_119' title='bbox 913 2493 1076 2586; x_wconf 81' lang='lat' dir='ltr'>cogitetur</span> <span class='ocrx_word' id='word_1_120' title='bbox 1098 2489 1306 2583; x_wconf 87' lang='lat' dir='ltr'>simpliciter,</span> 
     </span>
     <span class='ocr_line' id='line_1_17' title="bbox 228 2605 1308 2701; baseline -0.003 -27"><span class='ocrx_word' id='word_1_121' title='bbox 228 2607 330 2675; x_wconf 83' lang='lat' dir='ltr'>muito</span> <span class='ocrx_word' id='word_1_122' title='bbox 355 2605 392 2674; x_wconf 93' lang='lat' dir='ltr'>id</span> <span class='ocrx_word' id='word_1_123' title='bbox 415 2605 554 2701; x_wconf 86' lang='lat' dir='ltr'>quidem</span> <span class='ocrx_word' id='word_1_124' title='bbox 580 2631 696 2673; x_wconf 88' lang='lat' dir='ltr'>senum</span> <span class='ocrx_word' id='word_1_125' title='bbox 723 2611 874 2699; x_wconf 88' lang='lat' dir='ltr'>personis</span> <span class='ocrx_word' id='word_1_126' title='bbox 902 2607 1165 2675; x_wconf 85' lang='lat' dir='ltr'>convenientius:</span> <span class='ocrx_word' id='word_1_127' title='bbox 1191 2623 1228 2671; x_wconf 93' lang='lat' dir='ltr'>ut</span> <span class='ocrx_word' id='word_1_128' title='bbox 1256 2624 1308 2672; x_wconf 89' lang='lat' dir='ltr'>est</span> 
     </span>
     <span class='ocr_line' id='line_1_18' title="bbox 229 2716 1308 2817; baseline -0.003 -26"><span class='ocrx_word' id='word_1_129' title='bbox 229 2727 324 2817; x_wconf 83' lang='lat' dir='ltr'>Cupt</span> <span class='ocrx_word' id='word_1_130' title='bbox 351 2724 409 2803; x_wconf 84' lang='grc' dir='ltr'><strong>ΙΙΙ,</strong></span> <span class='ocrx_word' id='word_1_131' title='bbox 436 2721 469 2802; x_wconf 81' lang='grc'>4,</span> <span class='ocrx_word' id='word_1_132' title='bbox 502 2716 661 2815; x_wconf 55' lang='grc' dir='ltr'><strong>1091ᾳαί</strong></span> <span class='ocrx_word' id='word_1_133' title='bbox 681 2747 733 2788; x_wconf 87' lang='lat' dir='ltr'>me</span> <span class='ocrx_word' id='word_1_134' title='bbox 756 2739 794 2787; x_wconf 91' lang='lat' dir='ltr'>ut</span> <span class='ocrx_word' id='word_1_135' title='bbox 819 2722 990 2789; x_wconf 78' lang='lat' dir='ltr'>lubitumst</span> <span class='ocrx_word' id='word_1_136' title='bbox 1020 2722 1174 2789; x_wconf 83' lang='lat' dir='ltr'>ductavit</span> <span class='ocrx_word' id='word_1_137' title='bbox 1207 2721 1308 2802; x_wconf 81' lang='lat' dir='ltr'>dolis,</span> 
     </span>
     <span class='ocr_line' id='line_1_19' title="bbox 229 2837 931 2934; baseline -0.001 -29"><span class='ocrx_word' id='word_1_138' title='bbox 229 2840 378 2934; x_wconf 87' lang='lat' dir='ltr'>itemque</span> <span class='ocrx_word' id='word_1_139' title='bbox 405 2837 577 2905; x_wconf 83' lang='lat' dir='ltr'>ductitare</span> <span class='ocrx_word' id='word_1_140' title='bbox 602 2837 701 2931; x_wconf 87' lang='lat' dir='ltr'>Epid.</span> <span class='ocrx_word' id='word_1_141' title='bbox 728 2839 787 2918; x_wconf 87' lang='lat'>111,</span> <span class='ocrx_word' id='word_1_142' title='bbox 814 2841 847 2919; x_wconf 75' lang='lat'>2,</span> <span class='ocrx_word' id='word_1_143' title='bbox 876 2842 931 2907; x_wconf 79' lang='grc'>15.</span> 
     </span>
    </p>

    <p class='ocr_par' dir='ltr' id='par_1_5' title="bbox 230 2954 1309 3512">
     <span class='ocr_line' id='line_1_20' title="bbox 328 2954 1308 3049; baseline -0.003 -27"><span class='ocrx_word' id='word_1_144' title='bbox 328 2955 426 3023; x_wconf 87' lang='lat' dir='ltr'>Nunc</span> <span class='ocrx_word' id='word_1_145' title='bbox 453 2972 561 3021; x_wconf 81' lang='lat' dir='ltr'>eutem</span> <span class='ocrx_word' id='word_1_146' title='bbox 587 2972 633 3032; x_wconf 91' lang='lat' dir='ltr'>ut,</span> <span class='ocrx_word' id='word_1_147' title='bbox 660 2956 718 3047; x_wconf 90' lang='lat' dir='ltr'>qui</span> <span class='ocrx_word' id='word_1_148' title='bbox 744 2954 863 3021; x_wconf 90' lang='lat' dir='ltr'>horum</span> <span class='ocrx_word' id='word_1_149' title='bbox 886 2979 962 3021; x_wconf 88' lang='lat' dir='ltr'>usus</span> <span class='ocrx_word' id='word_1_150' title='bbox 988 2958 1030 3022; x_wconf 87' lang='lat' dir='ltr'>sit</span> <span class='ocrx_word' id='word_1_151' title='bbox 1052 2981 1137 3049; x_wconf 81' lang='lat' dir='ltr'>quae</span> <span class='ocrx_word' id='word_1_152' title='bbox 1158 2954 1308 3047; x_wconf 77' lang='lat' dir='ltr'>disputa-</span> 
     </span>
     <span class='ocr_line' id='line_1_21' title="bbox 230 3069 1307 3164; baseline -0.002 -27"><span class='ocrx_word' id='word_1_153' title='bbox 230 3072 352 3152; x_wconf 85' lang='lat' dir='ltr'>vimus,</span> <span class='ocrx_word' id='word_1_154' title='bbox 395 3071 615 3163; x_wconf 83' lang='lat' dir='ltr'>iutelligutur‚</span> <span class='ocrx_word' id='word_1_155' title='bbox 655 3087 791 3163; x_wconf 86' lang='lat' dir='ltr'>praeter</span> <span class='ocrx_word' id='word_1_156' title='bbox 818 3087 927 3137; x_wconf 78' lang='lat' dir='ltr'>cetero</span> <span class='ocrx_word' id='word_1_157' title='bbox 954 3069 1040 3137; x_wconf 88' lang='lat' dir='ltr'>illud</span> <span class='ocrx_word' id='word_1_158' title='bbox 1065 3069 1307 3164; x_wconf 86' lang='lat' dir='ltr'>quaerendum,</span> 
     </span>
     <span class='ocr_line' id='line_1_22' title="bbox 230 3184 1308 3280; baseline 0.002 -30"><span class='ocrx_word' id='word_1_159' title='bbox 230 3186 313 3280; x_wconf 89' lang='lat' dir='ltr'>quid</span> <span class='ocrx_word' id='word_1_160' title='bbox 337 3184 474 3254; x_wconf 78' lang='lat' dir='ltr'>tandem</span> <span class='ocrx_word' id='word_1_161' title='bbox 496 3185 590 3253; x_wconf 87' lang='lat' dir='ltr'>libris</span> <span class='ocrx_word' id='word_1_162' title='bbox 613 3187 748 3277; x_wconf 88' lang='lat' dir='ltr'>scriptis</span> <span class='ocrx_word' id='word_1_163' title='bbox 775 3185 946 3279; x_wconf 86' lang='lat' dir='ltr'>proditum</span> <span class='ocrx_word' id='word_1_164' title='bbox 980 3188 1041 3267; x_wconf 86' lang='lat' dir='ltr'>sit,</span> <span class='ocrx_word' id='word_1_165' title='bbox 1081 3186 1164 3279; x_wconf 88' lang='lat' dir='ltr'>quid</span> <span class='ocrx_word' id='word_1_166' title='bbox 1191 3187 1308 3279; x_wconf 90' lang='lat' dir='ltr'>prose-</span> 
     </span>
     <span class='ocr_line' id='line_1_23' title="bbox 232 3299 1309 3395; baseline 0 -28"><span class='ocrx_word' id='word_1_167' title='bbox 232 3319 320 3370; x_wconf 84' lang='lat' dir='ltr'>ctum</span> <span class='ocrx_word' id='word_1_168' title='bbox 344 3305 385 3369; x_wconf 82' lang='lat' dir='ltr'>eb</span> <span class='ocrx_word' id='word_1_169' title='bbox 414 3301 609 3371; x_wconf 84' lang='lat' dir='ltr'>editoribus.</span> <span class='ocrx_word' id='word_1_170' title='bbox 661 3299 751 3368; x_wconf 86' lang='lat' dir='ltr'>Scito</span> <span class='ocrx_word' id='word_1_171' title='bbox 777 3301 877 3395; x_wconf 83' lang='lat' dir='ltr'>igitur</span> <span class='ocrx_word' id='word_1_172' title='bbox 903 3303 937 3366; x_wconf 89' lang='lat' dir='ltr'>iu</span> <span class='ocrx_word' id='word_1_173' title='bbox 963 3303 1088 3369; x_wconf 89' lang='lat' dir='ltr'>Vetere</span> <span class='ocrx_word' id='word_1_174' title='bbox 1112 3299 1232 3368; x_wconf 87' lang='lat' dir='ltr'>codice</span> <span class='ocrx_word' id='word_1_175' title='bbox 1259 3301 1309 3367; x_wconf 89' lang='lat' dir='ltr'>sic</span> 
     </span>
     <span class='ocr_line' id='line_1_24' title="bbox 231 3415 820 3512; baseline -0.002 -26"><span class='ocrx_word' id='word_1_176' title='bbox 231 3419 374 3512; x_wconf 84' lang='lat' dir='ltr'>scriptos</span> <span class='ocrx_word' id='word_1_177' title='bbox 396 3444 446 3486; x_wconf 79' lang='lat' dir='ltr'>vv.</span> <span class='ocrx_word' id='word_1_178' title='bbox 476 3418 555 3488; x_wconf 86' lang='lat'>159.</span> <span class='ocrx_word' id='word_1_179' title='bbox 583 3415 651 3487; x_wconf 87' lang='lat'>160</span> <span class='ocrx_word' id='word_1_180' title='bbox 676 3434 820 3485; x_wconf 78' lang='lat' dir='ltr'>exstare:</span> 
     </span>
    </p>

    <p class='ocr_par' dir='ltr' id='par_1_6' title="bbox 329 3528 1308 3626">
     <span class='ocr_line' id='line_1_25' title="bbox 329 3528 1308 3626; baseline -0.005 -26"><span class='ocrx_word' id='word_1_181' title='bbox 329 3555 391 3604; x_wconf 75' lang='lat' dir='ltr'>ru.</span> <span class='ocrx_word' id='word_1_182' title='bbox 417 3528 541 3626; x_wconf 79' lang='lat' dir='ltr'>Apage</span> <span class='ocrx_word' id='word_1_183' title='bbox 566 3536 667 3600; x_wconf 82' lang='lat' dir='ltr'>istum</span> <span class='ocrx_word' id='word_1_184' title='bbox 693 3559 745 3599; x_wconf 87' lang='lat' dir='ltr'>me</span> <span class='ocrx_word' id='word_1_185' title='bbox 766 3579 910 3599; x_wconf 89' lang='grc'><strong>.....</strong></span> <span class='ocrx_word' id='word_1_186' title='bbox 937 3530 1025 3596; x_wconf 78' lang='lat' dir='ltr'>nihil</span> <span class='ocrx_word' id='word_1_187' title='bbox 1048 3553 1163 3596; x_wconf 87' lang='lat' dir='ltr'>moror</span> <span class='ocrx_word' id='word_1_188' title='bbox 1183 3529 1308 3599; x_wconf 82' lang='lat' dir='ltr'>ducta-</span> 
     </span>
    </p>

    <p class='ocr_par' dir='ltr' id='par_1_7' title="bbox 397 3652 1312 3858">
     <span class='ocr_line' id='line_1_26' title="bbox 823 3652 904 3714; baseline -0.012 0"><span class='ocrx_word' id='word_1_189' title='bbox 823 3652 904 3714; x_wconf 86' lang='lat' dir='ltr'>rier.</span> 
     </span>
     <span class='ocr_line' id='line_1_27' title="bbox 397 3759 1312 3858; baseline -0.008 -28"><span class='ocrx_word' id='word_1_190' title='bbox 397 3763 572 3858; x_wconf 77' lang='lat' dir='ltr'>Quidquid</span> <span class='ocrx_word' id='word_1_191' title='bbox 603 3781 654 3831; x_wconf 81' lang='lat' dir='ltr'>est</span> <span class='ocrx_word' id='word_1_192' title='bbox 694 3814 704 3831; x_wconf 86' lang='lat'>.</span> <span class='ocrx_word' id='word_1_193' title='bbox 731 3815 739 3829; x_wconf 91' lang='lat'>.</span> <span class='ocrx_word' id='word_1_194' title='bbox 765 3813 774 3832; x_wconf 88' lang='lat'>.</span> <span class='ocrx_word' id='word_1_195' title='bbox 800 3814 808 3829; x_wconf 92' lang='lat'>.</span> <span class='ocrx_word' id='word_1_196' title='bbox 835 3814 843 3830; x_wconf 91' lang='lat'>.</span> <span class='ocrx_word' id='word_1_197' title='bbox 877 3811 887 3828; x_wconf 89' lang='lat'>.</span> <span class='ocrx_word' id='word_1_198' title='bbox 918 3812 927 3829; x_wconf 88' lang='lat'>.</span> <span class='ocrx_word' id='word_1_199' title='bbox 953 3811 962 3829; x_wconf 89' lang='lat'>.</span> <span class='ocrx_word' id='word_1_200' title='bbox 1010 3759 1189 3853; x_wconf 82' lang='lat' dir='ltr'>perductet</span> <span class='ocrx_word' id='word_1_201' title='bbox 1219 3763 1312 3852; x_wconf 77' lang='lat' dir='ltr'>qttis-</span> 
     </span>
    </p>

    <p class='ocr_par' dir='ltr' id='par_1_8' title="bbox 231 3884 1318 4784">
     <span class='ocr_line' id='line_1_28' title="bbox 818 3884 920 3971; baseline -0.01 -26"><span class='ocrx_word' id='word_1_202' title='bbox 818 3884 920 3971; x_wconf 82' lang='lat' dir='ltr'>piam.</span> 
     </span>
     <span class='ocr_line' id='line_1_29' title="bbox 231 3991 1311 4093; baseline -0.015 -21"><span class='ocrx_word' id='word_1_203' title='bbox 231 4004 302 4072; x_wconf 88' lang='lat' dir='ltr'>Neo</span> <span class='ocrx_word' id='word_1_204' title='bbox 328 4000 521 4093; x_wconf 83' lang='lat' dir='ltr'>discrepant</span> <span class='ocrx_word' id='word_1_205' title='bbox 546 3995 668 4091; x_wconf 90' lang='lat' dir='ltr'>reliqui</span> <span class='ocrx_word' id='word_1_206' title='bbox 682 3996 772 4076; x_wconf 84' lang='lat' dir='ltr'>libri,</span> <span class='ocrx_word' id='word_1_207' title='bbox 799 3998 862 4061; x_wconf 87' lang='lat' dir='ltr'>nisi</span> <span class='ocrx_word' id='word_1_208' title='bbox 887 3992 980 4088; x_wconf 91' lang='lat' dir='ltr'>quod</span> <span class='ocrx_word' id='word_1_209' title='bbox 1003 3994 1037 4057; x_wconf 90' lang='lat' dir='ltr'>in</span> <span class='ocrx_word' id='word_1_210' title='bbox 1054 3991 1311 4068; x_wconf 80' lang='lat' dir='ltr'>recentiosibus,</span> 
     </span>
     <span class='ocr_line' id='line_1_30' title="bbox 231 4107 1312 4211; baseline -0.014 -26"><span class='ocrx_word' id='word_1_211' title='bbox 231 4138 268 4186; x_wconf 84' lang='lat' dir='ltr'>ut</span> <span class='ocrx_word' id='word_1_212' title='bbox 293 4117 461 4211; x_wconf 88' lang='lat' dir='ltr'>Lipsieusi</span> <span class='ocrx_word' id='word_1_213' title='bbox 483 4133 516 4182; x_wconf 88' lang='lat' dir='ltr'>et</span> <span class='ocrx_word' id='word_1_214' title='bbox 543 4113 596 4181; x_wconf 88' lang='lat' dir='ltr'>ed.</span> <span class='ocrx_word' id='word_1_215' title='bbox 621 4116 744 4207; x_wconf 79' lang='lat' dir='ltr'>prino,</span> <span class='ocrx_word' id='word_1_216' title='bbox 777 4113 886 4179; x_wconf 83' lang='lat' dir='ltr'>vacuis</span> <span class='ocrx_word' id='word_1_217' title='bbox 912 4110 1027 4202; x_wconf 82' lang='lat' dir='ltr'>spatiis</span> <span class='ocrx_word' id='word_1_218' title='bbox 1054 4109 1185 4174; x_wconf 85' lang='lat' dir='ltr'>omissis</span> <span class='ocrx_word' id='word_1_219' title='bbox 1208 4107 1312 4173; x_wconf 74' lang='lat' dir='ltr'>verba</span> 
     </span>
     <span class='ocr_line' id='line_1_31' title="bbox 235 4223 1315 4321; baseline -0.014 -19"><span class='ocrx_word' id='word_1_220' title='bbox 235 4235 423 4302; x_wconf 81' lang='lat' dir='ltr'>continuato</span> <span class='ocrx_word' id='word_1_221' title='bbox 449 4247 533 4297; x_wconf 84' lang='lat' dir='ltr'>suut</span> <span class='ocrx_word' id='word_1_222' title='bbox 591 4227 696 4297; x_wconf 87' lang='lat' dir='ltr'>Vides</span> <span class='ocrx_word' id='word_1_223' title='bbox 721 4244 908 4321; x_wconf 85' lang='lat' dir='ltr'>suspectum</span> <span class='ocrx_word' id='word_1_224' title='bbox 931 4223 1170 4317; x_wconf 82' lang='lat' dir='ltr'>perductorem</span> <span class='ocrx_word' id='word_1_225' title='bbox 1194 4246 1315 4288; x_wconf 86' lang='lat' dir='ltr'>vocem</span> 
     </span>
     <span class='ocr_line' id='line_1_32' title="bbox 234 4339 1315 4441; baseline -0.015 -26"><span class='ocrx_word' id='word_1_226' title='bbox 234 4375 278 4416; x_wconf 87' lang='lat' dir='ltr'>ne</span> <span class='ocrx_word' id='word_1_227' title='bbox 304 4373 375 4417; x_wconf 83' lang='lat' dir='ltr'>esse</span> <span class='ocrx_word' id='word_1_228' title='bbox 402 4345 540 4441; x_wconf 87' lang='lat' dir='ltr'>quidem</span> <span class='ocrx_word' id='word_1_229' title='bbox 565 4345 599 4409; x_wconf 87' lang='lat' dir='ltr'>in</span> <span class='ocrx_word' id='word_1_230' title='bbox 626 4344 811 4412; x_wconf 83' lang='lat' dir='ltr'>codicibus:</span> <span class='ocrx_word' id='word_1_231' title='bbox 847 4368 946 4434; x_wconf 81' lang='lat' dir='ltr'>quam</span> <span class='ocrx_word' id='word_1_232' title='bbox 972 4366 990 4407; x_wconf 95' lang='lat' dir='ltr'>e</span> <span class='ocrx_word' id='word_1_233' title='bbox 1015 4366 1044 4406; x_wconf 82' lang='lat' dir='ltr'>v.</span> <span class='ocrx_word' id='word_1_234' title='bbox 1075 4341 1161 4417; x_wconf 72' lang='lat' dir='ltr'>tuo,</span> <span class='ocrx_word' id='word_1_235' title='bbox 1188 4339 1315 4429; x_wconf 79' lang='lat' dir='ltr'>pariter·</span> 
     </span>
     <span class='ocr_line' id='line_1_33' title="bbox 234 4456 1314 4556; baseline -0.008 -25"><span class='ocrx_word' id='word_1_236' title='bbox 234 4483 310 4533; x_wconf 91' lang='lat' dir='ltr'>ute</span> <span class='ocrx_word' id='word_1_237' title='bbox 341 4466 406 4534; x_wconf 84' lang='grc'>131</span> <span class='ocrx_word' id='word_1_238' title='bbox 435 4463 492 4530; x_wconf 88' lang='lat' dir='ltr'>hic</span> <span class='ocrx_word' id='word_1_239' title='bbox 520 4461 632 4556; x_wconf 77' lang='lat' dir='ltr'>elapsu</span> <span class='ocrx_word' id='word_1_240' title='bbox 658 4459 781 4527; x_wconf 79' lang='lat' dir='ltr'>errabo</span> <span class='ocrx_word' id='word_1_241' title='bbox 804 4465 1068 4552; x_wconf 78' lang='lat' dir='ltr'>potiusquam,</span> <span class='ocrx_word' id='word_1_242' title='bbox 1106 4457 1171 4522; x_wconf 89' lang='lat' dir='ltr'>huc</span> <span class='ocrx_word' id='word_1_243' title='bbox 1197 4456 1314 4522; x_wconf 81' lang='lat' dir='ltr'>ascivit</span> 
     </span>
     <span class='ocr_line' id='line_1_34' title="bbox 234 4569 1314 4670; baseline -0.011 -24"><span class='ocrx_word' id='word_1_244' title='bbox 234 4579 456 4647; x_wconf 78' lang='lat' dir='ltr'>Camerarius.</span> <span class='ocrx_word' id='word_1_245' title='bbox 485 4576 527 4642; x_wconf 87' lang='lat' dir='ltr'>Et</span> <span class='ocrx_word' id='word_1_246' title='bbox 553 4576 645 4670; x_wconf 90' lang='lat' dir='ltr'>quod</span> <span class='ocrx_word' id='word_1_247' title='bbox 672 4581 771 4644; x_wconf 83' lang='lat' dir='ltr'>istum</span> <span class='ocrx_word' id='word_1_248' title='bbox 796 4601 858 4656; x_wconf 85' lang='lat' dir='ltr'>me,</span> <span class='ocrx_word' id='word_1_249' title='bbox 886 4600 953 4641; x_wconf 88' lang='lat' dir='ltr'>uon</span> <span class='ocrx_word' id='word_1_250' title='bbox 979 4578 1079 4639; x_wconf 67' lang='lat' dir='ltr'>utum</span> <span class='ocrx_word' id='word_1_251' title='bbox 1096 4596 1119 4635; x_wconf 84' lang='lat' dir='ltr'>e</span> <span class='ocrx_word' id='word_1_252' title='bbox 1141 4596 1193 4636; x_wconf 86' lang='lat' dir='ltr'>me</span> <span class='ocrx_word' id='word_1_253' title='bbox 1218 4569 1314 4635; x_wconf 76' lang='lat' dir='ltr'>Pulu-</span> 
     </span>
     <span class='ocr_line' id='line_1_35' title="bbox 236 4681 1318 4784; baseline -0.013 -22"><span class='ocrx_word' id='word_1_254' title='bbox 236 4695 295 4762; x_wconf 87' lang='lat' dir='ltr'>tini</span> <span class='ocrx_word' id='word_1_255' title='bbox 320 4693 399 4762; x_wconf 84' lang='lat' dir='ltr'>iibri</span> <span class='ocrx_word' id='word_1_256' title='bbox 427 4690 617 4775; x_wconf 48' lang='lat' dir='ltr'>exhibent.</span> <span class='ocrx_word' id='word_1_257' title='bbox 645 4693 680 4758; x_wconf 88' lang='lat' dir='ltr'>iu</span> <span class='ocrx_word' id='word_1_258' title='bbox 706 4716 747 4760; x_wconf 90' lang='lat' dir='ltr'>eo</span> <span class='ocrx_word' id='word_1_259' title='bbox 770 4692 843 4784; x_wconf 85' lang='lat' dir='ltr'>ipso</span> <span class='ocrx_word' id='word_1_260' title='bbox 879 4688 999 4758; x_wconf 85' lang='lat' dir='ltr'>videor</span> <span class='ocrx_word' id='word_1_261' title='bbox 1031 4692 1130 4754; x_wconf 81' lang='lat' dir='ltr'>istum</span> <span class='ocrx_word' id='word_1_262' title='bbox 1155 4681 1318 4772; x_wconf 82' lang='lat' dir='ltr'>c[ircuru·</span> 
     </span>
    </p>
   </div>
   <div class='ocr_carea' id='block_1_5' title="bbox 0 0 1422 5332">
    <p class='ocr_par' dir='ltr' id='par_1_9' title="bbox 0 0 1422 5332">
     <span class='ocr_line' id='line_1_36' title="bbox 0 0 1422 5332; baseline 0 0"><span class='ocrx_word' id='word_1_263' title='bbox 0 0 1422 5332; x_wconf 95' lang='lat' dir='ltr'> </span> 
     </span>
    </p>
   </div>
  </div>
 </body>
</html>
