2820 5332
234 647 306 741 416
644 673 697 716 vn.
723 673 764 715 us
793 669 906 715 nutari

233 847 269 915 in
308 871 442 915 censum
477 845 614 942 quidem
647 849 736 915 venit
767 871 848 939 prae
883 844 969 927 illis,
1005 830 1091 937 qnae
1125 841 1146 928 S
1178 843 1203 912 6
1240 859 1320 910 sunt

233 980 398 1056 congOSla·

728 1085 758 1175 s.
786 1090 820 1156 r.

231 1262 235 1268 ·
327 1236 437 1328 Aegre
459 1248 568 1301 antem
594 1232 680 1300 serus
699 1233 789 1300 aliud
805 1246 1072 1328 argumentorum
1088 1256 1204 1326 genus,
1221 1231 1318 1327 quoti

218 1367 345 1448 ntuupte
378 1368 493 1417 natura
527 1349 753 1441 gravissimum
779 1347 931 1415 consulto
957 1348 1035 1413 hnic
1059 1346 1135 1414 loco
1161 1351 1318 1439 reposui-

229 1484 320 1544 mus,
356 1463 442 1531 adeo
478 1467 521 1531 ab
544 1463 656 1532 Rostio
686 1463 895 1555 neglectum,
928 1481 965 1529 nt
989 1463 1041 1528 vix
1066 1463 1101 1526 iu
1124 1479 1317 1528 transcursu

229 1574 349 1646 leviter
371 1580 514 1671 tetigerit
539 1605 576 1672 pr
597 1581 629 1642 V
655 1577 769 1666 (tto.)
802 1580 870 1647 Vbi
886 1563 1011 1670 'parum
1036 1602 1071 1643 se
1096 1578 1222 1643 uioveri
1249 1577 1318 1643 Ca-

228 1697 360 1761 merarii
387 1697 548 1761 sententia
576 1695 674 1774 dicit,
707 1696 764 1788 qui
799 1716 844 1760 ex
878 1691 1112 1765 Bacchidibus
1128 1688 1247 1759 Plauti
1269 1694 1317 1756 ait

228 1826 262 1903 pr
289 1807 361 1880 418
394 1809 612 1875 adducuntur
647 1834 670 1874 a
702 1809 879 1886 Charisia,
915 1834 1002 1902 qaae
1035 1812 1070 1874 iu
1103 1807 1169 1873 hac
1187 1805 1316 1894 fabula

232 1942 304 1990 nou
329 1925 515 2016 teguntur,2
538 1942 575 1990 ut
600 1949 672 1990 esse
697 1926 850 1991 mutilam
872 1925 964 1990 iilam
975 1925 1091 2011 facile
1116 1926 1316 1990 existimare

225 2044 403 2132 possimus.
456 2043 496 2106 Et
522 2041 718 2131 interposito
752 2039 796 2107 de
823 2043 961 2107 noviciis
987 2041 1196 2106 Panormitae
1222 2062 1316 2104 com·-

227 2156 347 2220 mcntis
380 2155 522 2223 iudicio:
565 2155 770 2245 Fulgentius
800 2155 937 2248 qccidam
969 2157 1138 2246 interpres
1163 2171 1314 2260 veteram

229 2273 417 2344 nominum,
441 2271 481 2335 N
488 2273 559 2334 asi
566 2287 737 2335 ternam
763 2270 903 2336 adducit
929 2270 973 2335 de
997 2266 1116 2337 Plauti
1128 2269 1314 2345 Bacchide,

228 2385 444 2451 Nasitern
456 2410 519 2450 arn
546 2410 631 2451 cum
653 2410 765 2478 aqrca
785 2392 926 2474 seras.
947 2388 1072 2454 Nescio
1094 2411 1142 2452 aa
1161 2387 1231 2452 alia
1253 2387 1314 2451 itta

218 2501 349 2589 fabula
370 2504 503 2587 fuerit:
544 2528 625 2568 nam
657 2504 755 2569 hrains
790 2527 915 2569 nomeu
945 2520 997 2569 est
1021 2502 1220 2569 Bacchides.
1271 2504 1314 2568 Et

229 2617 320 2708 apud
359 2617 570 2709 Fulgentium
612 2621 751 2713 quidem
787 2646 823 2713 p.
856 2619 945 2699 563,
971 2621 1014 2687 31
1056 2619 1159 2686 hodie
1192 2619 1315 2712 legitur

227 2733 340 2804 Ptauc
374 2737 519 2815 Bacch.·;
559 2736 679 2829 quodsi
719 2737 889 2827 legeretur
929 2735 1100 2803 Bacchide
1121 2735 1169 2821 *)‚
1208 2754 1244 2802 nt
1275 2739 1312 2802 in

227 2853 375 2918 Meliusii
401 2852 518 2920 codice
544 2872 640 2918 antea
667 2871 945 2932 commemorato,
981 2875 1049 2919 non
1081 2851 1213 2915 maioris
1248 2851 1314 2917 lro'c

228 2969 384 3033 momenti
417 2949 522 3047 esset,
556 2968 659 3061 'qnam
695 2967 787 3059 quod
822 2964 914 3032 itletn
951 2966 1134 3032 levissimus
1172 2961 1313 3056 quidem

208 3081 327 3148 'homo
361 3082 555 3176 Fulgentius
591 3110 624 3175 p.
652 3082 743 3162 564,
772 3079 794 3150 4
835 3109 853 3150 e
882 3079 1001 3151 Plauti
1033 3081 1199 3173 Chrysalo
1236 3083 1315 3148 citat

227 3196 427 3265 Bacchitlnm
452 3223 580 3264 versum
598 3199 687 3280 11,3,
702 3196 764 3266 441
791 3198 903 3291 quode
918 3223 1017 3290 snpra
1032 3197 1155 3265 (lictum
1173 3224 1204 3290 p.
1223 3197 1311 3266 163:

227 3313 278 3380 vel
315 3314 407 3405 quod
438 3311 597 3383 Bacchae
629 3333 775 3380 nostram
809 3312 953 3379 sabulum
974 3315 1170 3380 inscribiiu
1194 3312 1312 3379 codice

226 3428 505 3497 Son-Danielensi
532 3431 607 3496 Car.
632 3432 768 3498 Wittius
803 3447 938 3496 testatus
971 3448 1020 3495 est
1053 3432 1087 3495 in
1111 3428 1229 3495 Blamii
1256 3429 1312 3493 Bi-

224 3543 345 3610 blioth.
371 3542 447 3609 libr.
469 3569 543 3609 mss.
568 3544 637 3611 Ital.
665 3573 697 3639 p.
724 3546 806 3625 232,
833 3549 979 3637 itemque
996 3545 1164 3610 Charisius
1181 3570 1212 3637 p.
1230 3549 1311 3621 176,

229 3661 275 3727 12
301 3657 450 3724 Plautum
477 3658 592 3752 prodit
615 3662 774 3753 autpliter
799 3686 862 3754 pro
888 3661 998 3751 anrple
1019 3660 1140 3726 dixisse
1168 3665 1205 3726 iu
1220 3660 1312 3727 Bac-

227 3773 298 3840 chis
322 3772 368 3860 **)
400 3776 431 3840 h.
461 3799 489 3840 e.
520 3776 723 3844 Bacchidum
746 3777 810 3858 lv,
836 3773 877 3856 4,
912 3773 988 3845 66,
1027 3776 1205 3843 Contrario
1241 3776 1312 3844 vitii

231 3972 527 3989 Ἣ

278 4068 305 4133 ·)
330 4063 385 4115 iloc
403 4079 517 4132 nuperae
537 4061 663 4115 editiones
682 4061 814 4132 praebent.

259 4154 300 4220 η)
328 4150 355 4202 ld
373 4151 475 4219 quidem
493 4153 520 4202 in
538 4151 594 4203 coia
611 4150 762 4203 i’utschinna
782 4155 871 4203 exstat.
890 4147 994 4204 Codex:
1015 4146 1140 4220 Amplitcr
1159 4145 1263 4200 matus
1283 4145 1313 4200 iu

325 4256 374 4308 pru
386 4240 479 4308 ample.
502 4241 607 4291 Prorsus
627 4239 779 4291 incredibile
799 4247 840 4290 cat
856 4245 883 4290 ct
903 4238 1087 4306 propemodum
1104 4236 1227 4300 ioculare,
1243 4235 1313 4304 quoti

328 4326 516 4378 Lindenunuus
536 4328 744 4390 comminiscitur,
766 4329 794 4391 iu
814 4336 960 4394 corntptuut
973 4343 1032 4378 esse
1045 4342 1077 4378 cr
1095 4326 1139 4389 it,
1156 4325 1205 4392 hoc
1225 4331 1312 4375 autern

329 4413 418 4464 valere
437 4414 592 4465 Mercatore.
622 4414 691 4465 Nihil
712 4417 760 4464 nisi
781 4430 873 4464 nornen
894 4413 995 4465 scitulae
1014 4413 1108 4464 excidit
1126 4421 1185 4480 post
1201 4413 1239 4474 in,
1256 4411 1314 4460 sive

331 4515 361 4550 ea
371 4499 463 4552 Casina
478 4500 524 4552 luit
535 4503 590 4552 siro
600 4500 743 4552 Cistellaria
754 4502 811 4553 site
821 4499 961 4552 Bacchides
971 4505 1027 4553 sive
1038 4501 1110 4554 iiiies
1120 4503 1176 4551 sive
1186 4499 1312 4550 ilercator

328 4594 385 4639 aive
402 4590 512 4640 Stichus.
533 4588 554 4640 E
571 4587 658 4642 Sticho
676 4590 793 4658 ampliter
813 4592 909 4654 profert
929 4589 1025 4640 Nonius
1043 4606 1068 4655 p.
1087 4590 1152 4651 ott,
1171 4602 1187 4638 e
1206 4586 1311 4648 Quiris,

329 4676 470 4728 iicrcetoro
488 4684 516 4728 et
532 4676 620 4731 Sticho
641 4685 715 4728 vetur
732 4675 893 4744 glossarium,
910 4676 978 4745 quod
993 4675 1140 4728 tractabitur
1159 4674 1226 4727 ilisa.
1240 4671 1309 4722 xttt.
