2820 5332
407 653 658 697 uosrsttanrau
686 654 878 699 rtsvrtuas.
1114 628 1186 702 455

107 827 255 919 reliquos
280 851 397 893 scenae
423 829 561 919 primae,
587 827 649 894 sed
672 830 842 910 creticum,
867 829 943 897 satis
971 854 1046 896 eum
1072 850 1105 898 et
1120 828 1188 899 leni

109 961 141 1008 ct
168 961 256 1008 certa
282 941 515 1009 emendatione
550 945 598 1010 sic
626 943 756 1036 pridem
788 947 829 1011 ab
866 945 1056 1014 Hermanno
1080 947 1187 1016 Elem.

110 1055 216 1124 doctr.
240 1076 336 1124 metr.
363 1084 395 1150 p.
423 1061 493 1127 ‘217
521 1060 721 1126 restitutum:

204 1196 265 1240 Tri.
284 1160 357 1240 Eia
382 1169 544 1265 mastigia
570 1174 618 1240 ad
646 1171 697 1241 ηιὲ
727 1174 812 1242 redi.
852 1198 908 1244 ru.
935 1180 1003 1243 iam
1020 1172 1094 1244 isti
1117 1202 1185 1245 ero.

106 1288 208 1379 Atqui
233 1289 312 1355 hinc
333 1288 480 1383 relegato
507 1288 647 1357 molesto
671 1289 832 1360 versiculo
865 1291 923 1384 qui
949 1293 1085 1359 tandem
1110 1296 1187 1361 satis

108 1420 227 1468 coeunt
253 1405 396 1497 contigui
424 1429 538 1471 versus
567 1407 614 1473 70
642 1424 675 1471 et
701 1405 768 1478 72?
829 1405 913 1471 Nam
936 1426 1013 1499 post
1038 1406 1186 1475 danistae

108 1517 206 1582 verba
238 1523 320 1610 patin
346 1543 417 1583 nora
445 1535 525 1610 peto
559 1544 696 1609 prorsus
726 1537 863 1612 praeter
904 1523 1185 1613 exspectationem

107 1657 183 1697 sane
206 1636 332 1700 Tranio
367 1635 524 1700 molestus
551 1659 595 1699 ne
619 1639 666 1700 sis
687 1633 803 1702 infert:
840 1634 974 1728 quando
1008 1640 1066 1730 qui
1104 1639 1187 1729 petit
1251 1670 1256 1682 ·

106 1751 237 1839 potius,
270 1775 369 1841 quam
395 1750 453 1842 qui
474 1774 542 1816 non
567 1752 670 1842 petit,
713 1748 896 1818 molestiam
918 1753 1062 1820 exhibet
1112 1753 1186 1821 Nec

108 1863 172 1929 hoc
197 1863 446 1931 incommodum
480 1863 549 1932 ullo
585 1865 685 1932 modo
720 1864 943 1957 probabiliter
966 1866 1007 1934 iis
1032 1885 1185 1963 transpo-

105 1978 208 2044 nendi
243 1979 401 2047 maehinis
434 1978 488 2048 vel
519 1982 655 2048 Pistoris
692 1980 743 2048 vel
779 1981 888 2049 Bothii
923 1980 1088 2051 sublatum
1123 2001 1183 2065 est,

106 2119 188 2185 quas
214 2119 351 2187 prorsus
377 2114 561 2162 evertemus
588 2080 659 2187 cap.
689 2097 749 2178 Ill,
774 2096 804 2182 §.
830 2094 862 2163 4.
929 2099 1053 2165 Contra
1084 2125 1186 2191 prae-

106 2208 195 2276 claro
219 2209 337 2277 auxilio
365 2208 474 2277 codex
498 2211 735 2278 Ambrosianus
760 2229 891 2305 praesto
919 2231 986 2294 est,
1019 2215 1184 2308 integrum

107 2341 182 2414 post
193 2328 238 2394 70
253 2350 384 2393 versum
399 2325 561 2393 excidisse
578 2345 773 2408 nronstrans,
797 2329 888 2394 cuius
903 2326 1012 2394 lacera
1033 2331 1185 2396 membra

207 2488 483 2507 .........
510 2441 1181 2512 U.......FAENUS....U

587 2557 985 2627 ...U....t11Ht

108 2671 219 2736 nescio
246 2696 288 2735 an
312 2689 403 2738 recte
427 2671 464 2736 in
485 2671 550 2739 hoc
576 2696 697 2765 corpus
724 2669 893 2765 colligam:

204 2785 463 2852 Reddurtdumst
478 2788 632 2873 faenus,
659 2790 796 2874 factrus
820 2785 1066 2854 reddundumst
1092 2791 1181 2859 milti.

106 2901 238 2966 Faenus
271 2904 377 2983 enim,
408 2926 477 2969 non
510 2921 632 2968 sortem
665 2926 700 2968 se
733 2919 850 2993 petere
878 2904 975 2969 etiam
1012 2928 1051 2971 eo
1077 2931 1183 2987 versu,

106 3017 162 3108 qui
194 3042 282 3082 nunc
315 3036 364 3084 est
394 3013 457 3096 64,
484 3015 645 3083 inculcat:
703 3039 759 3085 Ta.
793 3016 929 3085 Sortem
953 3023 1076 3112 accipe.
1125 3045 1183 3089 uA.

105 3135 204 3195 immo
225 3135 366 3216 faenus,
393 3131 430 3197 s'd
451 3135 595 3224 primum
619 3132 704 3204 volo.
742 3131 874 3199 Sortem
897 3153 1005 3201 autem
1024 3161 1083 3202 cur
1097 3138 1183 3202 Tra-

105 3248 160 3311 nio
183 3247 368 3338 promittat,
404 3273 522 3340 parum
556 3247 706 3340 expediit
728 3249 980 3315 Taubmaunus:
1012 3251 1113 3317 immo
1148 3250 1183 3317 id

104 3360 162 3427 ille
185 3364 393 3454 promittens,
420 3361 461 3428 ad
485 3361 577 3455 quod
603 3361 787 3454 parandum
808 3362 1011 3455 aliquantum
1023 3367 1182 3457 temporis

101 3480 291 3544 necessario
316 3476 583 3558 concedendum,
607 3503 734 3544 moram
760 3477 869 3545 dedita
890 3504 994 3572 opera
1019 3483 1121 3549 nectit
1138 3483 1183 3549 si·

109 3620 388 3631 ———-

208 3667 276 3717 titius
294 3668 415 3734 scripsit:
444 3667 539 3736 Perps‘n
558 3675 584 3719 ιιι
603 3675 688 3719 cutem
704 3668 733 3719 iss
751 3668 819 3720 lune
836 3668 942 3738 superbe
965 3667 1107 3721 iurelure?
1132 3668 1183 3720 du-

205 3762 309 3827 pliciter
326 3762 428 3831 quidem
446 3761 542 3829 lapsus.
588 3763 650 3815 llam
677 3771 703 3814 et
720 3765 749 3814 s'ss
766 3764 835 3815 Ιιιιιιο
855 3771 894 3814 est
915 3778 961 3813 cur
981 3762 1029 3813 hoc
1049 3761 1108 3813 loco
1126 3780 1184 3815 me-

206 3859 256 3908 rito
270 3858 406 3925 displiceat
421 3874 468 3925 pro
487 3875 527 3910 sss
542 3858 675 3925 positum:
692 3857 798 3909 multum
814 3858 882 3908 euim
901 3857 986 3908 differt
1004 3871 1184 3924 praegressum

206 3952 274 4003 lunc
293 3970 393 4006 senense
412 3961 438 4005 et
454 3953 586 4005 soloecuot
609 3961 648 4004 est
664 3968 695 4003 ac
715 3954 771 4003 sine
790 3951 909 4018 exemplo
922 3951 1043 4003 inuelem
1062 3952 1182 4007 activum.

206 4045 309 4097 Duabus
331 4047 468 4112 litterulis,
490 4063 557 4116 quae
575 4047 728 4110 exciderint,
746 4048 876 4100 revocatis
897 4060 995 4097 mecum
1015 4045 1115 4099 scribe:

192 4118 200 4133 ⁰
240 4141 334 4208 Pe'rps'n
352 4152 379 4193 ιιι
395 4143 502 4194 aretem?
521 4143 629 4217 [ααᾚιιιι
644 4141 750 4210 superbe
767 4140 907 4192 insilere?
927 4157 952 4195 e.
973 4155 997 4208 q.
1013 4157 1034 4193 s.

206 4234 279 4286 Nulla
300 4245 383 4287 autem
403 4245 525 4288 accentus
543 4237 652 4288 offensio
670 4238 696 4287 in
724 4250 849 4288 concursu
867 4237 942 4289 trium
962 4235 1076 4289 brevium
1099 4236 1183 4302 sylla·
1254 4235 1257 4241 '

205 4329 292 4380 barum
310 4330 367 4382 Cas.
384 4331 418 4394 11,
435 4333 461 4396 3,
483 4331 528 4383 14:

239 4433 517 4511 admontensium
537 4460 608 4511 decet
627 4468 679 4510 tum
699 4462 794 4509 tristem
816 4467 839 4510 te
857 4477 911 4510 assa
927 4461 968 4510 tus'
991 4460 1061 4511 lusi:

201 4550 257 4620 (rel
278 4560 301 4602 ts
321 4554 373 4602 idm
390 4555 484 4606 tristem
503 4571 565 4619 esse,
582 4554 624 4605 vel
642 4569 699 4604 cusu
719 4551 811 4604 Buthiu
830 4572 882 4606 esse
902 4557 925 4607 te‘
944 4556 1130 4607 susurrium.
1142 4552 1176 4603 l.:

203 4660 260 4698 aaut
281 4647 306 4698 itt
325 4646 397 4699 libris
416 4658 455 4700 est
475 4658 497 4701 le
515 4666 568 4701 esse
587 4658 639 4700 tam
657 4651 772 4713 tristem).
858 4700 861 4708 ,
