2820 5332
437 750 469 791 u.
495 751 537 791 ne
565 750 692 792 reru-rr
720 751 847 794 retvrt.
1138 731 1183 800 5¹

89 921 156 986 uisi
179 919 307 1012 aliquot
333 922 430 985 etiam
457 923 550 987 aunis
576 924 679 1013 prins,
711 922 840 990 Livium
866 948 978 990 naum
1005 927 1187 993 statuimus.

93 1035 318 1126 Exposuimus
340 1052 450 1099 nutem
477 1036 559 1103 irnec
584 1036 697 1127 paullo
725 1039 924 1118 accuratius,
960 1041 1036 1130 quin
1064 1040 1099 1104 in
1125 1038 1187 1105 ‹ie-

94 1147 255 1214 iiuieudis
273 1151 481 1240 temporibus
494 1151 670 1218 Naevianis
695 1176 764 1218 non
790 1153 866 1218 satis
893 1151 1070 1245 diligenter
1086 1178 1187 1245 quor-

95 1263 174 1329 dam
200 1281 345 1331 versatos
373 1264 526 1346 vidimus,
550 1287 587 1333 ut
611 1269 789 1333 Krnusinm
823 1268 980 1334 historiae
1006 1268 1068 1338 litt.
1094 1271 1186 1336 Rom.

95 1377 255 1443 fasciculo
291 1404 325 1470 p.
356 1380 435 1447 129.
463 1382 533 1451 133
564 1399 598 1446 et
629 1381 804 1474 Regelium
841 1380 884 1446 de
915 1408 953 1447 re
988 1402 1067 1473 trag.
1094 1386 1187 1450 Rom.

94 1519 128 1583 p·
156 1492 213 1569 39,
250 1511 287 1558 ut
323 1519 380 1560 eos
414 1495 603 1577 mittamus,
638 1499 696 1588 qui
729 1496 774 1561 tie
799 1495 924 1562 Naeuio
959 1522 988 1568 n.
1013 1500 1084 1568 519
1111 1515 1186 1587 nato

96 1606 290 1697 loquuntur.

198 1722 291 1803 Quae
318 1747 394 1786 cum
419 1722 462 1787 ita
487 1741 609 1801 essent,
646 1721 741 1788 nulio
766 1741 874 1789 autem
899 1741 998 1814 pacto
1025 1743 1091 1790 tam
1119 1740 1189 1789 tur-

97 1835 189 1925 piter
213 1839 371 1902 memoria
394 1835 506 1927 lapsus
533 1862 604 1904 esse
630 1839 658 1903 is
684 1840 828 1931 scriptor
854 1840 963 1929 pntnri
984 1865 1069 1909 ‚cnm
1090 1842 1190 1905 Dari-

98 1952 148 2015 sio
170 1969 304 2042 posset,
340 1954 432 2020 cuins
464 1955 499 2017 in
536 1953 660 2019 codem
686 1978 809 2044 genere
836 1981 898 2045 par
920 1954 1046 2021 soleret
1077 1954 1189 2020 erodi-

87 2066 182 2131 ·tioni
208 2065 378 2158 diligentia
402 2091 495 2134 esse:
522 2068 612 2153 (narn
636 2068 728 2160 qnod
756 2068 902 2134 eundem
929 2088 1067 2160 prorsus
1094 2093 1190 2136 erro-

98 2203 173 2245 rem
197 2181 400 2247 Kuehnerus
427 2185 473 2247 nit
493 2184 536 2248 nb
558 2185 631 2274 ipso
659 2184 826 2251 Cicerone
848 2182 942 2250 Bruti
976 2183 998 2252 i.
1026 2208 1053 2249 c.
1081 2186 1189 2248 notari

98 2294 133 2358 iu
159 2290 258 2372 Attio,
283 2293 317 2359 id
345 2293 483 2387 quidem
505 2299 641 2362 nimium
670 2315 720 2364 est
753 2321 817 2363 nec
840 2297 908 2362 uiio
934 2296 1037 2364 inodo
1064 2321 1189 2375 verum,

98 2434 171 2474 curn
194 2433 263 2475 nou
290 2409 333 2475 ad
355 2412 515 2490 Ennium,
550 2410 610 2477 sed
636 2411 678 2477 nd
705 2410 813 2478 solum
836 2413 963 2476 Livium
990 2413 1071 2476 Attii
1095 2412 1191 2476 testi·

98 2525 245 2590 monium
271 2522 437 2615 spectem)
463 2525 589 2618 tripiici
614 2528 823 2617 potissimum
840 2527 891 2592 ria
917 2527 966 2591 his
993 2549 1064 2590 sese
1087 2550 1191 2617 nugu-

99 2638 166 2703 stiis
194 2639 356 2730 expedire
379 2640 590 2707 studuerunt.
640 2642 791 2706 Fuerunt
830 2642 935 2718 enim,
970 2641 1028 2731 qni
1057 2663 1192 2706 omnem

97 2750 313 2817 iiiam'Pinuti
329 2755 514 2847 Noeriique
537 2757 743 2822 mentionem
771 2779 813 2821 ex
834 2753 1110 2842 interpolantium
1136 2777 1193 2817 se-

98 2865 235 2933 ‹iniitnte
256 2886 461 2959 repeterent
515 2872 605 2953 Quos
633 2895 672 2934 ex
700 2887 795 2958 parte
833 2883 972 2956 practer
999 2883 1113 2930 cetero
1138 2888 1192 2932 nr-·

98 2999 252 3072 gumeutn
278 2983 342 3049 hoc
368 2987 481 3063 morit,
517 2981 610 3075 quod
639 2984 789 3046 ieiunum
815 2977 914 3071 pinne
941 2997 974 3045 ct
998 2976 1194 3071 languidum

99 3112 200 3160 totum
226 3096 494 3164 additamentum
520 3095 606 3162 iliud
638 3121 709 3162 esse
742 3097 926 3187 ineptoque
962 3092 1037 3161 loco
1066 3092 1193 3161 doctri-

98 3235 175 3276 nam
200 3236 219 3277 n
243 3215 410 3302 scriptore
437 3211 584 3278 affectari
606 3212 670 3276 sibi
698 3227 944 3302 persuaserunt.
977 3205 1091 3298 ipsum
1119 3207 1193 3273 lan-

96 3342 177 3416 ·gnet
201 3343 236 3393 et
259 3327 403 3392 incrtine
427 3344 495 3408 cst,
529 3350 597 3418 quo
622 3325 709 3391 hanc
732 3324 919 3400 Kueimeri,
944 3323 1082 3399 Kriczii,
1109 3320 1193 3387 aiio-

98 3465 172 3505 rum
209 3442 406 3531 opinionem
441 3459 636 3533 argumento
659 3441 816 3505 iiloserus
842 3438 1033 3527 impugnat,
1069 3437 1122 3525 cni
1149 3433 1194 3500 dc

98 3556 252 3620 universo
284 3555 351 3622 hoc
386 3578 514 3645 genere
546 3553 707 3620 iudicium
744 3551 899 3618 videntur
931 3568 1022 3616 eertn
1049 3547 1195 3642 quadarn

99 3691 214 3734 norma
237 3669 373 3736 omnino
407 3668 553 3734 destitui:
604 3669 731 3734 Verum
761 3666 824 3731 alin
857 3666 941 3731 ratio
976 3681 1109 3754 praesto
1145 3680 1196 3729 est

101 3807 205 3874 enque
236 3801 350 3849 nostra
376 3785 538 3849 sententia
558 3781 812 3859 evidentissima,
840 3805 905 3871 qun
931 3797 1118 3868 temporum
1134 3775 1196 3839 de-

102 3896 283 3965 finitionem
306 3895 442 3964 iiiorum
464 3898 655 3965 universnm
683 3897 725 3960 ab
752 3895 927 3960 Ciceronis
959 3891 1098 3959 consilio
1128 3913 1195 3954 uon

107 4102 287 4112 ...ρ-υ-α
294 4103 401 4110 —....-

202 4206 232 4257 tt.
251 4205 364 4258 iiittcrur
383 4204 525 4255 coniecerit
543 4204 569 4252 in
589 4192 658 4252 Diri.
677 4201 757 4266 antiq.
778 4197 845 4249 etuti.
866 4212 889 4246 n.
914 4195 1024 4271 ¹⁸³¹st
1043 4194 1104 4243 (iii.
1141 4191 1193 4253 Qut

203 4293 273 4361 quoti
291 4307 343 4343 non
361 4298 422 4341 ante
442 4305 464 4340 n.
485 4288 535 4340 ott
565 4286 664 4338 Bciium
690 4282 814 4337 Punicum
834 4280 994 4333 iinevinnurn
1018 4292 1078 4329 esse
1099 4276 1196 4328 editum

204 4378 400 4436 demonstrarit,
417 4375 444 4424 iri
462 4376 545 4440 magis
564 4374 640 4424 etiem
661 4368 952 4421 coniirmnriiiiceronir
972 4365 1025 4416 iliis
1046 4362 1196 4428 t'erbinpo·

208 4466 266 4528 init,
293 4464 386 4530 quibus
407 4461 483 4512 vaide
507 4461 625 4526 parinum
642 4456 714 4509 helio
734 4471 782 4508 nuo
801 4455 900 4507 Punico
920 4450 1046 4504 licerium
1064 4451 1131 4501 inter
1147 4448 1199 4500 alia

206 4550 336 4601 iucundae
354 4563 466 4600 senec
479 4547 568 4597 tutis
589 4543 707 4610 exempla
728 4550 859 4593 memorat.
880 4539 936 4590 Coi.
955 4539 1013 4588 moi.
1032 4537 1098 4609 550.
1128 4535 1198 4587 idem

207 4637 287 4703 igitur
304 4634 403 4687 iicevio
423 4632 493 4701 qnod
512 4631 597 4683 Ennio
615 4629 717 4692 occidit,
737 4629 810 4679 cuiue
823 4624 937 4678 Anunice
957 4625 1017 4676 item
1037 4620 1199 4690 paucissimis

209 4730 270 4776 note
286 4729 395 4775 nortem
416 4720 492 4774 cnnie
511 4717 644 4772 nbeoiutoe
665 4731 758 4769 nece
779 4713 856 4767 Geiiii
874 4711 953 4778 urit,
973 4712 1007 4766 21
1034 4708 1197 4782 perspicitur.
