2820 5332
409 748 445 792 ιι.
470 749 512 793 ns
540 747 668 793 anatra
698 748 827 795 entvrr.
1119 724 1163 796 61

68 941 266 1016 usurpatum
295 917 426 1013 lapides
453 938 630 1002 testantur,
664 920 708 988 de
735 922 857 1014 quibus
883 921 948 990 vid.
977 919 1085 993 Orell.
1111 923 1167 989 In·

70 1064 135 1108 scr.
168 1034 223 1103 lat.
250 1034 283 1115 Ι,
310 1061 346 1127 p.
372 1031 455 1103 457
507 1034 606 1119 Quid,
645 1031 786 1128 quod
776 1037 841 1126 rpsi
866 1060 992 1104 ornate
1020 1060 1040 1102 t
1065 1060 1169 1110 senua

70 1156 106 1220 in
129 1150 351 1242 inscriptione
372 1150 574 1217 Grutcriana
607 1147 698 1231 467,
734 1151 916 1222 7extanti
901 1150 1100 1218 iTalium
1106 1152 1223 1284 Q

72 1290 214 1334 nurnero
241 1288 421 1357 operarum
447 1262 503 1331 vel
528 1266 759 1359 operariorum
785 1263 920 1332 Plautus
945 1264 1023 1331 suit:
1048 1257 1117 1358 qui
1142 1267 1172 1334 si

71 1381 165 1450 illa
155 1406 223 1449 ram
246 1396 353 1447 aetate
380 1378 508 1446 fabulas
532 1380 732 1472 scripsisset,
758 1405 840 1471 quas
864 1378 1002 1472 quidem
1023 1380 1172 1448 vendere

73 1494 244 1563 aedilibus
270 1511 388 1586 posset
411 1491 455 1578 *),
488 1518 554 1561 nec
580 1494 695 1560 fuisset
720 1517 780 1560 cur
805 1492 848 1560 ad
874 1492 1043 1561 illiberale
1070 1495 1171 1561 mini·
1212 1552 1216 1558 .

75 1612 212 1677 sterium
249 1633 285 1675 ac
319 1607 510 1686 conferret,
545 1633 609 1675 nec
644 1609 801 1679 Varroni
834 1623 868 1673 et
899 1608 1069 1702 plerisque
1094 1609 1172 1676 aliis

77 1724 163 1789 baec
183 1723 296 1814 potius
328 1746 429 1813 quam
455 1720 512 1787 illa
540 1720 786 1814 comparandae
812 1722 977 1813 pecuniae
1002 1725 1052 1790 via
1079 1747 1171 1792 com-

76 1834 294 1905 memoranda
322 1852 410 1902 erat:
437 1835 542 1904 multo
569 1853 681 1903 autem
704 1837 812 1902 minus
840 1855 921 1916 crat,
953 1862 1014 1904 cur
1034 1838 1173 1905 Romam

73 1975 231 2020 reversus
258 1953 302 2018 ob
326 1949 559 2043 quaerendum
584 1952 704 2018 vietum
733 1975 870 2043 operam
894 1952 1013 2044 pistori
1027 1954 1054 2019 is
1070 1971 1173 2046 poeta

75 2067 215 2144 locaret,
241 2063 296 2131 vel
323 2083 416 2132 certe
439 2064 580 2132 locatam
607 2089 671 2156 per
695 2082 823 2131 tantum
851 2083 995 2157 tempus,
1010 2086 1173 2158 quantum

77 2183 184 2248 tribus
209 2179 330 2247 sabulis
356 2179 520 2246 iaciendis
545 2181 719 2259 sufficeret,
747 2180 967 2260 continuaret,
993 2183 1053 2274 qui
1077 2183 1172 2274 prius

78 2296 210 2389 scriptis
236 2294 357 2361 fabalis
384 2295 448 2361 iam
474 2295 681 2363 innotuisset.
733 2296 844 2378 Quare
877 2296 925 2365 sic
956 2298 1068 2388 potius
1101 2301 1173 2365 eri-

77 2409 297 2490 stimandum,
335 2411 513 2476 excitatum
548 2407 642 2475 illum
674 2410 835 2501 pristinae
858 2408 1079 2479 'condicionis
1113 2438 1172 2480 re-

78 2523 273 2592 cordatione
313 2543 348 2590 ct
379 2525 533 2590 scenicae
568 2525 646 2590 artis
681 2522 922 2591 consuetudine
949 2524 1097 2591 adiutum
1137 2529 1173 2594 in

78 2640 218 2732 pistrino
246 2638 381 2705 demum
405 2636 449 2704 ad
472 2636 689 2706 scribendum
703 2639 849 2703 animum
865 2637 1051 2731 appulisse.
1078 2645 1173 2724 Quae

80 2757 106 2820 si
133 2752 360 2846 probabiliter
386 2750 634 2844 disputavimus,
659 2753 775 2845 ecquis
801 2753 906 2820 breve
921 2757 1081 2845 temporis
1097 2780 1174 2846 spa-

81 2870 162 2934 tium
188 2868 342 2936 sufficere
368 2867 432 2933 sibi
459 2865 670 2958 persuadeat,
697 2890 764 2958 quo
792 2883 840 2932 tot
868 2864 1012 2958 taliaque
1036 2884 1173 2959 tamque

81 2981 212 3049 diversa
236 2981 369 3074 negotia
402 3005 487 3047 nnus
522 2981 621 3047 homo
648 2978 775 3071 egerit?
812 2980 865 3047 cui
896 2981 1041 3071 primum
1067 3007 1173 3074 pecu-

80 3099 154 3163 niae
184 3113 312 3186 tantnm
346 3093 505 3163 vilissimo
546 3093 686 3186 quidem
712 3094 897 3162 ministerio
924 3094 1176 3165 corradendnm

82 3227 177 3290 esset,
203 3225 329 3303 quanto
348 3207 391 3275 ad
404 3227 626 3275 mercaturam
643 3207 829 3274 faciendam
843 3233 927 3301 opus
939 3227 1035 3291 essct,
1051 3209 1176 3280 deinde

82 3321 369 3418 peregrinandum
408 3341 441 3389 et
466 3321 725 3415 negotiandum,
760 3341 829 3389 tum
859 3324 999 3388 Romam
1027 3323 1176 3391 redeun-

83 3438 189 3518 dum,·
197 3454 373 3531 postremo
398 3438 433 3502 in
457 3438 599 3528 pistrino
625 3434 849 3528 operandum.
890 3437 936 3505 Vt
957 3437 1105 3505 breviter
1121 3437 1175 3505 di·
1256 3516 1264 3533 x

83 3577 152 3619 cam
186 3549 281 3644 qnod
305 3551 432 3618 sentio:
466 3573 536 3616 non
569 3548 703 3616 videtur
737 3547 796 3615 illc
825 3568 901 3616 ante
931 3551 1016 3617 vitae
1051 3576 1177 3620 annum

82 3666 189 3733 ferme
213 3665 421 3758 trigesimum
445 3662 575 3729 fabulas
600 3661 767 3742 docuisse,
791 3688 829 3729 ea
851 3680 963 3731 autem
982 3667 1055 3756 ipsa
1071 3689 1177 3758 opera

84 3778 169 3846 illud
195 3777 361 3871 effecisse,
383 3796 420 3869 ut
439 3775 560 3845 relicto
585 3778 727 3868 pistrino
753 3775 927 3843 liberalius
963 3781 1048 3845 vitae
1074 3805 1179 3872 genus

83 3893 180 3987 sequi
204 3891 337 3961 liceret.
359 3891 451 3960 Male
478 3893 567 3959 enim
584 3887 844 3983 Hieronymo**)
874 3895 974 3959 cessit
999 3893 1175 3961 variandae

85 4006 242 4075 orationis
269 4006 416 4075 studium
441 4004 624 4098 quoddam,
653 4029 719 4098 quo
741 4003 799 4071 illa
825 4007 872 4072 sic
898 4008 1079 4097 pervertit:
1118 4006 1179 4075 Ibi

85 4121 130 4208 (lt.
153 4147 182 4190 e.
206 4120 304 4216 apntl
323 4117 501 4215 pistorem)
539 4123 722 4213 quotics
758 4119 810 4185 ab
841 4143 976 4209 opere
1009 4143 1174 4187 vacas·

77 4300 383 4320 *ηιμ-ι·-

134 4383 163 4449 ⁶)
192 4380 323 4434 Potniaaet
347 4387 451 4443 autom,
475 4381 497 4431 si
523 4380 548 4430 io
567 4385 688 4445 promptu
708 4377 848 4428 habuisset.
886 4379 949 4432 aaa
967 4393 1017 4430 non
1036 4389 1108 4431 recte
1125 4382 1176 4434 lroc

189 4481 272 4531 genus
292 4467 402 4516 Ritterus
421 4464 517 4516 iudicat
541 4465 602 4516 Diae
629 4465 709 4531 antiq.
728 4463 793 4517 stud.
816 4479 838 4513 a.
863 4463 929 4515 talo
956 4479 981 4529 p.
1000 4466 1052 4518 375
1070 4467 1102 4518 de
1120 4468 1174 4519 En-

189 4554 234 4602 nio
252 4554 393 4618 disputans.

124 4644 167 4707 ⁰⁹)
185 4639 248 4702 Aut,
267 4646 296 4689 ut
310 4639 420 4702 videtne,
439 4637 564 4690 Suetonio
584 4638 683 4704 potius:
702 4620 734 4687 de
747 4650 798 4704 qno
810 4637 870 4686 ride
881 4636 956 4688 buius
969 4637 1107 4690 volumiuis
1128 4655 1177 4706 ap-

186 4723 334 4793 perdicem.
