2820 5332
164 725 212 793 38
399 753 418 792 ι.
447 751 486 792 oe
514 749 632 795 astrui
659 749 786 799 ronuta
816 751 1004 797 nourrius.

164 924 284 1003 ficitur,
330 945 364 991 et
390 925 555 991 incertum
592 919 677 986 iliud
699 923 807 1014 ipsum
836 948 924 1002 esse,
959 940 1095 990 certene
1120 920 1254 991 Matius

164 1041 299 1108 nomine
325 1037 591 1104 mimiamborum
618 1055 716 1126 poeta
743 1054 934 1104 constanter
959 1057 1092 1104 vocatus
1125 1040 1185 1117 sit,
1223 1057 1256 1106 et

165 1155 229 1222 hoc
256 1173 292 1221 ut
316 1154 367 1220 vel
393 1153 534 1219 maxime
561 1168 689 1220 certum
715 1153 768 1230 sit,
793 1175 862 1217 non
878 1170 987 1219 tamen
1002 1154 1255 1244 continuopen-

164 1268 338 1356 tinere-ad
360 1266 520 1333 Plautum.
568 1264 692 1348 Quidni
726 1266 813 1331 euim
845 1268 1017 1357 potuerint
1037 1269 1105 1332 sire
1129 1265 1252 1358 eodem

163 1385 230 1449 siva
258 1382 400 1450 diversis
427 1381 636 1472 temporibus
665 1399 699 1447 et
714 1376 833 1449 Marta
857 1405 930 1447 esse
956 1400 989 1447 et
1013 1377 1146 1451 Mattio
1170 1404 1253 1474 gens

163 1496 347 1588 quaedam?
398 1500 598 1587 Quanquam
621 1513 657 1562 ut
683 1493 791 1562 dicem
827 1492 918 1585 quod
945 1498 1072 1576 sentio,
1098 1494 1254 1564 nonfuit

161 1613 329 1676 Romanae
355 1611 463 1703 gentis
490 1608 628 1676 alicuius
653 1609 787 1676 Mattiee
814 1605 948 1675 Plautus
974 1626 1091 1699 poete,
1125 1609 1186 1677 sed
1212 1612 1250 1678 Τ.

161 1720 312 1793 Mattius
337 1723 524 1818 appellatus
552 1740 603 1790 est
626 1723 796 1791 Vmbricis
822 1722 1024 1803 nominibus,
1047 1725 1172 1793 Romae
1193 1750 1253 1791 ate·

161 1855 228 1904 tem
254 1839 453 1932 peregrinus
479 1839 559 1906 vixit
583 1835 634 1920 *),
667 1838 783 1928 ibique
818 1859 861 1914 eo,
883 1837 1091 1926 potissimum
1118 1839 1253 1906 nomine

161 1953 259 2044 vulgo
273 1957 473 2033 innotuerat,
500 1951 592 2047 quod
615 1979 633 2016 a
659 1950 786 2043 pedum
808 1948 947 2040 planitie
974 1951 1143 2036 (Sarsinae
1156 1951 1252 2043 puta)

161 2066 193 2130 ci
218 2064 437 2149 inditum**):
464 2090 561 2156 quam
590 2063 728 2156 quidem
753 2064 872 2129 famam
886 2062 1017 2133 videtur
1035 2066 1133 2133 etiam
1146 2066 1251 2148 Quin-

160 2179 292 2246 tilianus
318 2180 396 2250 Inst.
423 2203 470 2247 or.
496 2181 521 2260 I,
550 2178 581 2258 4,
600 2180 646 2249 ‘25
669 2179 778 2270 sequi.
830 2161 987 2246 Omnino*
1010 2180 1098 2245 enim
1121 2203 1252 2271 nequas

159 2320 257 2384 quam
285 2295 465 2387 frequens,
489 2295 529 2358 -si
554 2318 629 2360 eum
655 2292 727 2361 aliis
754 2317 939 2385 compares,
974 2294 1062 2359 inter
1084 2295 1250 2361 Romanos

159 2409 227 2473 eive
252 2405 386 2475 Matius
411 2412 479 2476 sive
506 2405 656 2477 Mattius
680 2432 813 2474 nomen.
865 2409 908 2475 Et
940 2408 981 2474 P.
1004 2403 1158 2476 Marium
1181 2410 1221 2474 V
1215 2432 1251 2474 e-

159 2547 232 2585 rum
258 2524 395 2615 eiusque
421 2523 525 2589 filium
551 2525 589 2590 P.
613 2520 768 2591 Marium
791 2524 925 2591 Iustum
947 2523 1120 2612 inscriptio
1143 2526 1248 2588 Peru-

155 2636 224 2700 sina
250 2640 394 2726 praebet
421 2637 510 2729 apud
537 2636 771 2703 Vermiliolum
816 2637 880 2722 (Le
906 2637 1043 2701 antiche
1069 2640 1249 2700 iscrizioni

155 2747 345 2841 Peragiue,
366 2754 441 2821 Per.
468 2779 495 2820 a.
527 2751 620 2845 1804
646 2750 711 2845 sq.)
740 2751 802 2817 vol.
829 2753 875 2825 it,
901 2778 934 2843 p.
963 2749 1053 2818 365:
1091 2751 1248 2820 Perusiae

155 2881 263 2929 autem
290 2864 539 2933 recordandum
565 2883 615 2932 est
641 2864 810 2957 quondam
838 2866 928 2956 ipsos
956 2866 1141 2932 Sarsinates
1167 2888 1248 2932 con-

153 2976 278 3044 sedisse
301 2997 384 3045 teste
409 2979 524 3045 Servio
549 2982 584 3043 in
609 2981 691 3045 Aen.
718 2978 759 3056 X,
783 2981 864 3048 901.
914 2979 961 3044 Vt
985 3003 1052 3044 non
1070 2979 1112 3043 sit
1127 2977 1249 3044 nullius

154 3093 322 3170 momenti,
347 3083 440 3189 quod
465 3095 500 3159 iu
516 3094 691 3186 Vmbriciq
713 3092 934 3159 monumentis
948 3092 1101 3157 Perusiae
1125 3116 1247 3183 reper-

154 3205 192 3269 tis
221 3221 253 3269 et
279 3206 376 3273 Titio
413 3229 622 3296 praenomen
661 3204 797 3272 minime
823 3205 1022 3301 infrequens
1048 3224 1098 3273 cst
1124 3223 1156 3274 et
1182 3202 1243 3272 ali-

202 3490 228 3556 ·)
255 3488 350 3539 Eadem
368 3487 446 3554 igitur
465 3468 546 3541 rtauit
567 3488 615 3538 init
632 3502 698 3554 quae
717 3488 807 3539 Naevii
827 3486 956 3550 Erotique
975 3487 1102 3549 condicio,
1125 3486 1158 3538 de
1179 3489 1242 3555 qui-

251 3571 299 3626 bus
317 3573 369 3625 rid.
391 3573 504 3626 iiitterns
521 3573 590 3626 Diae·
611 3575 690 3642 antiq.
711 3571 777 3624 stud.
803 3586 826 3622 a.
848 3568 916 3623 1840
944 3587 970 3638 p.
993 3572 1055 3627 374.
1094 3572 1158 3624 Nam
1177 3571 1243 3624 iiiut

253 3666 316 3712 tatis
335 3660 419 3713 mirari
441 3672 553 3726 nequeo,
571 3659 615 3723 qui
636 3658 782 3725 superbiam
801 3658 974 3726 Campanum,
1005 3658 1106 3711 licerio
1124 3658 1244 3716 tributu

251 3759 266 3794 a
288 3744 372 3795 Geiiio
390 3745 410 3806 1,
432 3742 481 3805 at,
507 3741 572 3793 nihii
594 3757 653 3793 esse
670 3743 719 3793 nisi
739 3744 894 3805 marimum,
920 3751 979 3808 poet
1003 3743 1139 3809 Regeiinm
1165 3745 1198 3796 de
1216 3762 1245 3798 ce

252 3837 315 3894 trag.
335 3830 409 3882 Rern.
430 3845 455 3893 p.
476 3828 520 3890 39,
540 3835 628 3878 contra
648 3842 726 3893 quem
744 3827 796 3877 iam
815 3826 968 3879 Weicierua
986 3828 1130 3885 rectumne
1147 3830 1244 3883 iudicio

252 3914 351 3965 dixerat
368 3913 401 3964 de
419 3922 483 3980 trag.
502 3913 592 3965 Graec.
619 3929 643 3978 p.
666 3912 750 3976 1338,
777 3911 936 3968 contendere
963 3912 1040 3966 etiam
1057 3912 1243 3969 iiiuaainennua

253 3998 445 4054 deiecerit.
473 4007 499 4056 et
525 3999 616 4064 fragm.
635 4014 661 4068 p.
680 4000 697 4051 n
716 4014 771 4064 sqq.
795 3999 955 4052 sustinuerit.
991 3998 1042 4055 cni
1065 3999 1169 4068 quidem
1199 4000 1243 4053 in-

250 4083 340 4136 tante
368 4086 396 4135 in
419 4099 451 4135 eo
478 4086 650 4147 assentimur,
676 4085 746 4152 quod
776 4083 892 4137 Plautum
920 4083 1027 4139 lionam
1046 4085 1172 4153 marana
1190 4085 1242 4141 ian

251 4185 359 4236 onerum
386 4185 412 4239 n.
440 4171 456 4224 i
483 4185 540 4244 sqq.
571 4171 719 4244 suspicatur
749 4167 884 4223 Ciceronis
910 4170 997 4226 verbis
1022 4185 1085 4227 usus
1114 4169 1148 4223 de
1176 4179 1243 4223 orat

254 4254 298 4317 iii,
322 4258 362 4310 12.

178 4350 219 4415 “J
246 4346 405 4401 sinitiimun
425 4349 507 4400 extitit
528 4348 595 4401 alins
613 4356 708 4416 poetae
730 4349 802 4400 latini
823 4348 986 4416 exentpiuni,
1014 4347 1048 4400 da
1068 4362 1121 4415 quo
1140 4349 1179 4399 aie
1203 4354 1243 4399 est

248 4431 316 4497 apud
336 4432 442 4485 Panium
462 4450 486 4500 p.
509 4434 541 4485 tt
560 4435 613 4486 ii:
648 4435 753 4485 Attea
771 4435 953 4502 aperituntur,
975 4433 1019 4500 qni
1032 4441 1139 4502 prepter·
1156 4433 1245 4483 οἰιίιιιιι

250 4533 355 4569 cruram
382 4528 427 4570 aut
447 4520 541 4588 pariunt
558 4520 656 4588 flentis
686 4520 807 4574 iunium
832 4528 856 4570 et
883 4521 1012 4587 attinqaat
1027 4519 1121 4586 *nequ
1144 4526 1241 4571 tanen

250 4617 326 4668 quara
343 4604 491 4657 ιιιιιὸιιίαιιιι
512 4605 577 4676 qnod
599 4604 867 4672 caenomanouinciio
884 4613 975 4672 poetae
994 4604 1122 4655 adiuerit.
1157 4603 1191 4654 Et
1207 4603 1243 4655 ite

252 4685 377 4752 adhaesit,
393 4696 420 4741 ut
437 4686 488 4741 ian
508 4704 560 4746 non
579 4688 724 4756 Quinctiae,
742 4687 789 4742 aei
808 4688 868 4741 Atta
886 4687 978 4740 soiitos
997 4689 1030 4740 sit
1048 4686 1185 4757 appetisti.
