2820 5332
493 671 632 719 arnaria
659 670 903 716 raanrrrtrtr.
1167 643 1237 712 587

158 853 189 918 G
318 844 370 918 14.
397 848 576 937 reperisse,
600 860 637 908 ut
659 839 848 908 ltnbitusG
995 837 1065 903 tibi.
1091 842 1241 904 uniuuuu

157 967 216 1032 EA
342 962 395 1034 15.
425 958 550 1051 Quoad
579 982 717 1051 eramque
744 958 782 1022 E.
809 981 874 1048 quo
901 954 1087 1046 adeuntque
1113 954 1144 1020 G

160 1075 296 1165 interit]
324 1094 361 1143 ut
386 1080 451 1141 erit
479 1076 504 1136 Γ
640 1072 694 1140 16.
710 1077 841 1159 facere
866 1097 910 1136 ex
935 1095 987 1136 me
1013 1073 1243 1134 coniecturum

160 1221 205 1262 eu
229 1195 382 1260 meliust
409 1193 438 1258 G
544 1196 598 1261 17.
625 1212 771 1254 noveras
794 1187 854 1253 EG
978 1206 1057 1254 criu.
1086 1185 1243 1250 Gnatam

160 1312 191 1377 G
292 1312 345 1378 18.
372 1303 596 1377 Philomelam
622 1305 651 1370 G
798 1308 958 1372 Ceterum
984 1301 1066 1367 inde
1093 1327 1111 1365 n
1136 1327 1167 1366 v.
1199 1300 1243 1367 to

160 1424 272 1518 paullo
300 1423 396 1489 aliter
424 1421 767 1514 dispositosGuyetus
795 1421 955 1499 exhibuit,
983 1421 1026 1487 ita
1051 1435 1088 1484 ut
1109 1435 1244 1508 septen·

160 1539 270 1608 decim
296 1556 420 1604 tautum
447 1538 637 1604 ellieiautnr.

291 1656 342 1718 De
368 1653 418 1718 lris
445 1653 544 1744 igitur
565 1652 716 1718 versibus
749 1669 785 1715 ut
817 1666 909 1715 reete
944 1647 1131 1726 iudicetur,
1168 1672 1242 1741 eum

163 1793 249 1861 quae
272 1770 355 1835 ratio
378 1768 465 1833 iuter
491 1791 549 1834 eos
575 1763 764 1832 intercedat
788 1782 821 1828 et
845 1762 996 1858 reliquae
1031 1763 1163 1830 subulae
1190 1788 1244 1827 ar-

163 1901 356 1974 gumentum
383 1900 416 1950 et
440 1882 705 1973 dispositionem,
729 1878 957 1972 quaerendum
986 1898 1052 1958 est,
1078 1898 1146 1946 tum
1170 1881 1242 1971 ipsa

162 2024 316 2064 versuum
340 1997 472 2064 indoles
496 1996 540 2063 nd
564 1998 642 2064 artis
668 2021 819 2062 normam
847 1995 1021 2089 exigenda.
1051 1999 1126 2064 Nee
1152 2019 1244 2073 vet-0,

165 2140 230 2205 qna
252 2131 321 2178 arte
347 2138 452 2205 quare
477 2114 595 2178 inertia
620 2112 696 2179 lacti
722 2115 796 2192 sint,
825 2114 997 2178 aestimare
1010 2112 1104 2204 prius
1129 2110 1246 2176 licebit

163 2254 264 2321 quam
287 2256 305 2294 a
331 2227 483 2309 mendis,
508 2230 628 2322 quibus
654 2225 823 2309 laborant,
861 2226 1025 2320 probabili
1053 2228 1180 2294 ratione
1204 2227 1246 2292 li-

161 2343 269 2410 berati
299 2345 391 2410 etin
417 2368 487 2409 eam
511 2344 742 2434 integritatem,
768 2343 794 2408 si
820 2341 921 2408 modo
937 2344 1075 2434 possint,
1101 2343 1245 2408 restituti

160 2457 292 2535 suerint,
319 2483 384 2548 qua
419 2458 606 2524 emauibus
631 2475 762 2547 poetae,
789 2458 982 2548 quicunque
1002 2455 1140 2534 illeluit,
1163 2481 1245 2548 pro·

162 2570 250 2638 disse
277 2570 442 2638 credibile
470 2575 519 2638 sit.
571 2570 712 2654 'Quodsi
742 2597 780 2638 en
807 2572 945 2664 pristina
970 2570 1104 2638 illorum
1140 2571 1245 2638 forma

162 2687 290 2768 luisset,
315 2711 413 2780 quam
440 2688 638 2754 instaurasse
666 2687 729 2753 sibi
755 2687 890 2754 Bothius
919 2706 952 2753 et
978 2688 1159 2754 Grauertus
1185 2687 1244 2752 risi

163 2822 248 2882 sunt,
274 2821 384 2871 actum
410 2828 488 2868 sane
516 2781 601 2870 esset
627 2801 671 2869 de
699 2828 816 2870 eorum
839 2804 1041 2896 antiquitate,
1068 2827 1131 2869 nee
1157 2820 1246 2868 esset

162 2917 256 3010 quod
280 2914 334 2983 vel
373 2915 537 2985 tantillum
568 2942 692 3010 operae
726 2917 761 2982 iu
789 2918 836 2984 eis
858 2924 1063 3010 poneretur:
1104 2936 1168 2984 tam
1194 2910 1245 2981 illi

163 3058 232 3100 nou
257 3030 358 3099 modo
394 3033 544 3099 inficetos
578 3031 761 3100 versiculos
787 3033 1018 3124 procuderant
1040 3052 1074 3100 et
1098 3031 1150 3099 vel
1171 3056 1244 3098 me-

165 3147 273 3215 diocri
299 3166 399 3238 poeta
424 3145 591 3240 indignos,
617 3145 678 3214 sed
703 3174 720 3214 a
744 3147 855 3242 lingua
878 3166 911 3215 et
937 3149 1088 3216 numeris.
1111 3167 1145 3215 et
1168 3172 1245 3213 seu-

166 3265 265 3329 tentia
298 3265 432 3330 vitiosos
459 3281 493 3330 et
517 3288 567 3329 ex=
591 3280 687 3356 parte
724 3290 804 3331 vere
838 3265 1010 3332 barbaros.
1070 3261 1171 3348 Quod
1202 3287 1245 3329 ne

163 3379 307 3445 severius
344 3404 444 3471 quam
479 3379 594 3447 iustius
627 3377 791 3447 iudicasse
824 3382 1073 3460 existimemur,
1110 3377 1245 3471 (neque

164 3494 254 3560 enim
278 3495 312 3559 iu
339 3493 545 3586 exagitandis
570 3511 605 3562 et
627 3494 872 3591 redarguendis
894 3497 1031 3592 singulis
1054 3493 1169 3589 planet
1184 3518 1246 3562 no-

162 3610 215 3676 bis
241 3635 313 3678 esse
338 3608 501 3703 putidis:)
529 3609 730 3680 documento
756 3633 853 3682 sunto
873 3641 903 3681 v.
933 3616 1061 3705 13sqq.
1089 3613 1136 3677 sie
1161 3611 1244 3675 seri·

163 3727 214 3817 pti
236 3753 254 3791 a
279 3726 458 3794 Grauerto:

186 3836 303 3924 (uua.)
329 3837 504 3936 Quidquid
527 3841 664 3910 boatum
688 3860 752 3919 est,
778 3840 862 3910 mitt
881 3843 942 3936 pol
957 3847 1068 3908 minus
1090 3857 1143 3908 est
1158 3834 1246 3931 guti-

756 3957 825 4038 dio,
1222 3970 1225 3974 ’

317 4072 429 4160 Quum
453 4073 491 4138 id
520 4070 613 4164 quo'd
645 4096 709 4162 ego
736 4096 759 4136 a
784 4088 818 4137 te
844 4067 966 4165 expetti
989 4096 1041 4137 me·
1067 4073 1242 4163 reperisse.

756 4182 805 4257 'V
801 4204 815 4253 t
840 4188 974 4265 babitus

314 4297 475 4369 Autelrde
489 4307 555 4390 fui
585 4301 649 4370 tibi
680 4306 794 4368 animo
829 4301 878 4369 a'd
908 4327 1047 4397 enitique
1081 4300 1249 4394 applieu'vt‘
1261 4389 1264 4395 .

757 4445 818 4500 me,

311 4533 472 4604 Studium
496 4531 622 4603 e'xiude
644 4552 681 4603 ut
707 4542 783 4616 erit,
806 4531 878 4604 tu'te
905 4533 1163 4602 existimu'oeris.

165 4651 310 4718 Hoseiue
344 4651 566 4720 'l'ereutieuns
599 4678 714 4723 rursus
740 4651 833 4723 credi
866 4652 1037 4746 potuisse?
1065 4674 1157 4742 'quos
1184 4672 1247 4715 nee
