2820 5332
222 671 294 747 364
611 696 653 739 rr.
676 649 721 737 oe
744 694 921 738 recantata
1054 764 1068 795 ο

222 820 266 939 iu
297 873 430 939 Phorm.
463 870 495 946 l,
522 866 555 949 4,
583 869 627 938 13
665 823 815 935 Donatus
844 869 890 935 ait
925 863 1094 961 Nigidium
1119 840 1305 960 'protirmm

223 989 359 1084 legere,
391 986 428 1053 id
464 1009 603 1080 prorsus
637 984 784 1052 conferri
815 998 929 1076 potest
953 1008 1029 1048 cum
1053 984 1156 1077 Capti
1181 984 1308 1055 iudicio

223 1103 269 1172 de
294 1101 469 1197 Virgiliani
493 1125 608 1169 vorsus
632 1097 794 1184 lectione3
833 1124 918 1193 quac
948 1115 1058 1166 autam
1091 1099 1133 1166 ad
1160 1100 1312 1168 eiusdem

224 1219 355 1289 fabulae
382 1220 407 1298 l,
431 1214 509 1298 ol
541 1237 575 1285 et
598 1218 647 1298 ΙΙ,
667 1219 736 1300 1,3
762 1216 960 1297 afferuntur,
999 1218 1060 1284 etsi
1092 1215 1205 1310 paullo
1238 1244 1314 1313 gra·

222 1339 352 1404 viorem
376 1335 601 1427 suspicionem
627 1352 775 1412 movent,
812 1351 924 1399 tamen
944 1355 1014 1400 non
1040 1353 1116 1400 sunt
1140 1333 1312 1403 dissimilia

225 1475 353 1530 eorum,
382 1475 468 1542 quae
495 1449 594 1516 simili
618 1447 719 1517 modo
746 1473 775 1514 ε.
790 1446 923 1540 Nigidio
946 1446 1137 1540 produntur
1164 1450 1208 1516 ad
1232 1453 1312 1518 Vir-

223 1566 292 1658 gilii
327 1566 495 1661 Georgica
528 1564 620 1658 apud
649 1565 799 1632 Servium
834 1565 870 1630 in
904 1566 939 1646 l,
965 1559 1022 1637 lt.
1049 1563 1130 1634 261.
1181 1565 1310 1650 Quodsi

222 1681 426 1774 Virgilianos
452 1705 589 1776 quoque
613 1679 870 1751 commentarios
882 1678 1053 1774 Nigidium
1080 1680 1226 1750 edidisse
1243 1702 1309 1751 ata-

225 1800 346 1878 tueris,
376 1821 445 1864 non
478 1811 590 1890 potest
613 1795 679 1862 hoc
705 1793 851 1888 quidem,
868 1815 1137 1888 argumentorum
1161 1801 1311 1868 necessi-

225 1930 290 1983 tate
317 1912 472 1991 refutari,
512 1910 574 1980 aed
605 1909 786 1979 verendum
821 1929 929 1978 tamen
958 1929 1023 1992 est,
1047 1937 1091 1979 ne
1112 1915 1158 1979 ita
1182 1915 1310 1982 infinita

223 2026 398 2122 proditura
423 2030 466 2094 sit
486 2025 736 2096 scholiastarum
760 2023 937 2093 latinorum
958 2025 1146 2095 multitudo.
1179 2030 1230 2096 Ac
1251 2054 1307 2096 re·

223 2141 410 2236 putandum
435 2168 475 2210 ex
501 2141 605 2210 altera
630 2159 743 2235 parte,
775 2160 857 2235 quot
883 2167 1052 2237 quamque
1078 2145 1242 2212 variarum
1268 2170 1308 2212 ac

225 2255 430 2324 diversarum
459 2282 574 2325 rerum
609 2282 713 2350 capax
737 2276 870 2350 praeter
895 2261 985 2351 ipsos
1010 2259 1240 2328 miscellaneae
1264 2259 1308 2326 li-

223 2375 304 2442 bros
327 2373 413 2441 illud
436 2376 644 2467 potissimum
669 2374 915 2440 commentandi
941 2401 1046 2468 genus
1069 2377 1178 2457 fucrit,
1212 2375 1306 2470 quod

226 2491 262 2556 in
293 2489 498 2557 enucleanda
534 2488 791 2581 significatione
821 2488 998 2556 raedorum
1029 2493 1234 2560 versabatur:
1271 2493 1309 2561 id

227 2604 321 2699 quod
358 2605 455 2673 facile
489 2631 530 2673 ex
562 2606 674 2673 Verrii
700 2603 813 2672 Flacci
844 2623 877 2673 ct
901 2605 989 2674 Aelii
1015 2605 1105 2676 Galli
1130 2609 1220 2703 apud
1243 2610 1271 2677 F
1273 2635 1308 2677 e-
1392 2646 1395 2651 >

226 2737 313 2788 stum
339 2722 536 2789 testimoniis
560 2719 764 2813 intelligitur.

727 2987 853 3087 st.

325 3171 433 3241 Plauti
458 3191 491 3241 et
515 3175 701 3269 aequalium
726 3196 901 3270 poetarum
937 3185 971 3248 iu
995 3199 1184 3254 transcursu
1209 3189 1314 3256 inter-

228 3288 470 3382 pretandarum
500 3316 568 3359 non
601 3311 650 3360 cst
681 3297 802 3360 mirum
837 3296 947 3366 nullos
970 3302 1151 3393 scriptores
1177 3309 1310 3398 saepius

230 3405 440 3471 occasionem
464 3424 577 3475 nactos
606 3434 688 3490 esse,
715 3436 814 3502 quam
840 3437 924 3506 quos
950 3419 1133 3507 priscarum
1157 3440 1189 3487 ct
1205 3425 1311 3488 miuus

229 3500 421 3584 usitatarum
446 3545 565 3587 vocum
590 3525 823 3616 explanatione
851 3551 1029 3622 occupatos
1054 3533 1093 3625 gl
1108 3558 1314 3629 ossogra·

229 3631 412 3725 phorum
446 3638 580 3702 nomine
604 3640 779 3708 commode
806 3647 1089 3737 comprehendas,
1126 3653 1312 3741 glossema-

231 3763 342 3812 torum
363 3755 546 3842 scriptores
571 3754 598 3818 F
601 3774 687 3821 estus
714 3757 804 3825 dixit.
844 3762 935 3842 Quos
963 3765 1069 3856 tetigit
1093 3791 1205 3859 nuper
1229 3770 1313 3835 Ler-

231 3862 341 3930 schius
378 3864 422 3932 de
456 3866 577 3959 philos.
609 3868 740 3964 linguae
765 3900 816 3967 ap.
840 3895 966 3943 veteres
993 3903 1026 3970 p.
1056 3884 1120 3949 111
1151 3881 1312 3976 idemque

231 3978 266 4042 in
292 3980 552 4051 Zimmermanui
577 3987 666 4052 Diar.
693 3990 794 4081 antiq.
817 3989 903 4069 stud.
927 4020 955 4058 a.
982 3996 1076 4064 1838
1111 4021 1144 4088 p.
1171 3998 1219 4067 99
1236 4025 1310 4094 sqq.

232 4086 303 4161 405
325 4121 374 4188 sq.
426 4098 476 4163 Ex
502 4124 618 4167 eorum
641 4128 779 4171 numero
806 4131 908 4172 uuum
933 4108 993 4175 fuit
1018 4112 1076 4202 qui
1101 4115 1182 4204 ipsis
1207 4114 1313 4183 Plauti

231 4208 415 4281 scholiastis
438 4217 685 4285 accensendum
711 4237 852 4312 putaret,
878 4223 920 4292 H.
945 4227 1103 4318 llleyerus
1129 4230 1161 4292 in
1185 4230 1315 4298 eisdem

232 4325 354 4393 Diariis
380 4356 409 4399 a.
439 4330 531 4400 1836
557 4360 590 4424 p.
614 4337 695 4407 378.
744 4337 804 4403 Est
828 4338 855 4402 is
880 4338 1096 4408 Aurelius
1125 4341 1181 4408 illc
1205 4344 1313 4436 Opi-

234 4438 313 4506 lius
340 4468 357 4508 e
383 4445 519 4516 Sueton.
544 4447 586 4515 de
613 4449 729 4516 illustr.
757 4477 892 4544 gramm.
918 4452 940 4520 6
966 4473 1082 4536 notus,
1122 4459 1213 4524 cuius
1245 4487 1314 4528 non

234 4555 335 4624 modo
368 4559 498 4630 iudices
533 4567 728 4634 exstiterunt
761 4567 947 4635 fabularum
978 4569 1217 4654 Plautinarum,
1252 4604 1266 4643 s

234 4674 330 4740 etiam
355 4675 646 4772 interpretationes
686 4683 851 4775 quaedam
880 4708 1059 4780 supersunt
1084 4690 1279 4759 obscuriora
