2820 5332
259 726 329 805 574
576 756 616 796 rx.
667 756 709 797 ns
738 754 1027 799 ssrcncocsrsonc

258 924 504 1017 redintegratur
530 925 732 990 constructio
759 923 956 1003 verborum,
990 943 1097 992 tamen
1125 927 1193 991 eius
1218 925 1343 995 redin-

259 1039 438 1131 tegrandae
481 1039 531 1104 via
570 1040 777 1130 apertissime
817 1057 1025 1106 monstratur.
1074 1041 1157 1106 Nam
1194 1040 1339 1112 alteram

258 1153 393 1246 quidem
421 1143 575 1221 versiculi
601 1171 732 1246 partem
757 1150 854 1219 facile
877 1152 1043 1247 intelligit,
1069 1157 1125 1247 qni
1140 1156 1258 1222 horum
1276 1183 1339 1224 re-

257 1295 329 1335 rum
357 1293 452 1335 nsum
474 1267 593 1348 habet,
632 1291 748 1335 errore
774 1285 899 1336 tautum
918 1295 944 1360 e
971 1295 999 1335 v.
1025 1272 1070 1339 37
1097 1273 1248 1339 iteratam
1275 1299 1337 1340 ex·

217 1426 225 1443 ι
256 1386 391 1450 tcusisse
426 1410 487 1463 ec,
530 1385 649 1476 quibus
683 1385 785 1450 oratio
824 1406 912 1451 nunc
944 1385 1055 1450 mutila
1089 1387 1334 1479 compleretur:

253 1500 354 1592 plane
380 1516 416 1564 ut
440 1499 562 1566 occidit
585 1500 719 1567 Veteris
746 1499 869 1566 codicis
895 1499 1030 1568 librario
1057 1503 1091 1567 in
1117 1505 1209 1568 Trin.
1239 1506 1278 1583 V,
1297 1509 1332 1585 2,

254 1616 311 1684 50.
338 1620 404 1695 51,
431 1640 514 1707 qnos
540 1611 599 1681 ille
627 1640 738 1680 versus
763 1616 797 1679 in
824 1616 908 1681 hassa
934 1618 1083 1707 speciem
1109 1620 1331 1712 perscripsit:

349 1725 491 1820 Aperite
516 1728 581 1794 Irae
604 1732 733 1821 aperite
754 1753 899 1820 propere
924 1729 1108 1822 quodcum
1134 1742 1309 1800 conuentis
1329 1752 1337 1771 ‘

351 1846 463 1913 Foras
488 1861 627 1910 euocate
650 1848 702 1910 ita
722 1843 865 1911 subitost
887 1870 1031 1938 propere
1055 1848 1147 1939 qrtod
1176 1850 1216 1914 et]
1244 1874 1331 1916 con-

840 1955 948 2024 uento
971 1959 1097 2045 nolo.*)
1189 1988 1191 1992 ⁸

255 2072 485 2167 Ergo⁴licebit
509 2076 571 2140 arti
596 2092 628 2141 et
648 2074 766 2142 rationi
793 2077 1031 2143 convenienter
1051 2078 1098 2146 sic
1120 2077 1247 2146 luxatas
1273 2104 1334 2146 se-

253 2213 332 2256 num
354 2214 525 2257 sermones
549 2192 807 2257 reconcinnare:

350 2327 438 2371 rrae.
476 2306 589 2370 Homo
623 2301 834 2372 conducatur
869 2305 937 2372 ia'm
980 2306 1122 2399 aliquis,
1161 2304 1333 2400 quantn'm

839 2439 962 2516 potest,

348 2533 483 2629 Igno'ta
496 2539 612 2623 facia,
638 2531 724 2628 quai
747 2560 817 2602 non
845 2534 982 2602 visitata
1008 2541 1063 2605 sit.

347 2655 386 2721 Js
410 2653 509 2718 Immo
535 2648 722 2718 exornetur
744 2650 907 2743 grn'plnce
940 2657 976 2718 in
1000 2646 1221 2744 peregrinam
1252 2679 1331 2721 mo-

838 2767 939 2851 ditm,

351 2885 459 2975 Quasi
492 2879 541 2949 sit
569 2889 783 2975 peregrinus.
837 2907 912 2950 cns.
950 2881 1032 2977 qnid
1065 2889 1181 2950 isscit
1194 2889 1332 2971 jacere

836 2995 978 3092 po'stea?

345 3137 433 3182 nno.
458 3113 732 3183 Mendo'cilocnm
756 3116 901 3206 aliquem
928 3113 1015 3202 [esse
1029 3111 1198 3181 horrzinem
1224 3141 1331 3209 opor·

839 3247 889 3297 tct
914 3227 956 3295 de'
972 3230 1091 3319 form]

345 3343 566 3439 Faisr‘dicnm,
590 3341 826 3439 confidentem.
879 3367 954 3411 aas.
977 3345 1059 3438 qnid
1083 3364 1154 3412 tum
1171 3342 1298 3438 postea
1312 3330 1335 3414 ?¹

348 3483 434 3528 nno.
464 3463 573 3552 Quasi
596 3460 644 3526 a'd
668 3461 918 3526 adulescentem
945 3488 973 3528 e.
997 3488 1028 3554 q.
1056 3487 1083 3526 s.

253 3576 349 3646 Conf.
385 3575 533 3644 eiusdem
567 3601 686 3643 scenae
709 3604 736 3642 v.
764 3575 824 3646 86:
866 3579 942 3667 Ego
978 3577 1227 3670 sycophantam
1263 3583 1334 3643 iam

251 3692 402 3759 conduco
429 3691 620 3778 devforo.
654 3725 700 3739 -
742 3692 900 3758 Ceterum
926 3693 979 3760 vix
1004 3692 1119 3758 dubito
1146 3695 1227 3784 quin
1248 3693 1331 3762 silla:

248 3808 330 3901 qaid
354 3813 389 3874 is
415 3810 640 3894 seitfacere
662 3824 800 3899 postea,
840 3809 915 3874 satis
943 3831 982 3874 eo
1017 3806 1170 3900 exemplo
1207 3806 1331 3874 desen·

249 3924 387 4006 dantur,
422 3922 514 4017 quod
541 3948 581 3989 ex
598 3925 675 4015 ¹ipso
699 3923 814 3990 Plauto
840 3925 981 4015 petitum
1005 3924 1069 3990 huc
1091 3923 1331 3990 accommoda-

185 4100 187 4105 .
246 4059 333 4120 runt,
359 4043 448 4106 Pers.
474 4041 532 4119 lv,
553 4038 585 4119 6,
608 4040 695 4107 init:

283 4236 288 4260 ι
345 4179 424 4223 non.
449 4154 587 4222 Probae
619 4156 672 4221 hie
697 4161 839 4247 argenti
860 4173 940 4221 sarit
961 4159 1148 4245 sexaginta
1172 4157 1304 4228 initiae,

344 4271 484 4338 Duobus
522 4276 665 4337 nummis
696 4277 815 4336 minus.
883 4293 961 4338 sAr.
1004 4268 1087 4364 qnid
1125 4271 1157 4333 ei
1195 4273 1332 4336 nrrmmi

832 4370 969 4437 seiont?

246 4490 332 4556 Nam
356 4486 439 4580 qnid
460 4491 573 4552 sciunt
598 4484 692 4566 illud,
718 4486 750 4552 h.
765 4511 791 4553 e.
806 4485 888 4578 qnid
900 4501 1056 4578 possunt,
1080 4483 1205 4564 valent,
1223 4508 1331 4576 pror-

294 4687 320 4756 0)
339 4682 438 4804 Sidn‘siillia
456 4683 573 4750 exempla
590 4683 666 4752 tetigi
681 4698 759 4750 supro
779 4699 805 4752 p.
823 4682 883 4736 237.
904 4682 965 4735 472.
982 4680 1034 4735 477
1044 4719 1053 4748 ,
1072 4679 1151 4748 longe
1171 4676 1248 4747 pion
1264 4677 1332 4732 olim

345 4767 360 4803 ι
396 4768 484 4803 surus
