2820 5332
233 641 304 714 556
546 668 587 709 tx.
640 669 682 709 nn
710 670 994 717 inruanoearronn

233 844 376 925 aceedit,
404 869 443 911 eo
471 846 646 912 certiorem
673 846 776 911 habet
802 844 984 911 seeundum
1007 842 1116 937 legem
1144 841 1240 908 illam
1269 842 1333 909 di.

232 961 339 1024 vinam
363 986 457 1053 spem
493 961 623 1041 salotis,
665 981 775 1029 tamen
804 976 1065 1030 consentaneum
1093 977 1144 1025 est
1168 958 1330 1052 aliquam

233 1072 374 1140 deorum
399 1074 569 1143 lenitatem
596 1079 692 1141 etiam
719 1076 760 1141 ad
791 1102 864 1142 eum
893 1076 1076 1167 pertinere,
1103 1078 1161 1166 qni
1182 1074 1227 1138 ab
1257 1073 1330 1142 hnc

234 1189 432 1257 condicione
460 1188 574 1282 aliquo
599 1191 774 1258 intervallo
801 1191 924 1257 distans
952 1214 1017 1254 non
1047 1208 1152 1255 tamen
1169 1188 1266 1256 illico
1288 1191 1329 1254 in

144 1336 149 1347 ·
231 1303 336 1395 ipsam
365 1307 562 1371 contrariam
590 1325 722 1396 partem
750 1309 848 1372 venit.
883 1307 925 1370 Et
949 1303 984 1369 id
1012 1303 1150 1396 quidem
1176 1327 1328 1395 prorsus

233 1417 353 1485 cadere
380 1421 414 1485 in
435 1419 623 1488 Charmidis
645 1446 823 1513 personam
845 1437 995 1512 apparet,
1019 1419 1191 1484 honestum
1211 1420 1325 1485 civem

234 1550 267 1598 et
291 1533 513 1613 industrium,
548 1560 615 1601 non
649 1555 819 1603 carentem
855 1534 967 1627 aliquo
994 1534 1152 1626 peculio,
1187 1533 1249 1599 sed
1277 1535 1324 1598 ab

234 1646 404 1740 opulentia
427 1669 460 1716 et
484 1650 651 1741 dignitatis
679 1650 864 1743 splendore
892 1653 1157 1726 satisremotnm‚
1185 1674 1322 1741 suoque

159 1811 161 1815 <
236 1761 354 1830 labore
380 1767 432 1831 rei
457 1767 625 1831 sauriiiaris
654 1770 895 1833 incrementum
911 1764 1048 1857 aliquod
1075 1790 1142 1830 non
1163 1767 1237 1830 sine
1260 1792 1323 1830 ae-

235 1879 361 1945 rumnis
388 1899 617 1974 quaerentem.

356 1996 371 2059 I
397 2022 486 2064 nune
514 2016 547 2063 et
570 1996 840 2063 luculentissimis
867 1997 1018 2062 versibus
1048 1997 1190 2062 iO-‘JO
1215 2018 1322 2084 prae-

237 2109 358 2176 claram
394 2137 528 2178 scenam
565 2112 769 2178 decurtatam
812 2115 844 2177 in
881 2111 1039 2176 undecim
1077 2109 1324 2175 versiculorum

236 2227 382 2290 ieiunam
420 2226 770 2319 exilitatemuredige3
808 2226 1057 2319 languidissimo
1086 2227 1171 2289 exitu
1197 2226 1326 2316 gratia-

237 2365 310 2405 rum
345 2342 605 2408 testificationem
641 2341 875 2409 Charmideam
915 2343 977 2408 hoe
1017 2343 1172 2406 termina:
1202 2339 1325 2430 Atque

240 2473 335 2521 tuam
359 2458 448 2523 itane
473 2458 565 2551 apud
585 2460 739 2523 domines
765 2459 912 2548 gloriam
935 2455 1073 2522 alaribus
1089 2460 1154 2520 iam
1180 2478 1326 2545 accepe-

239 2596 314 2636 ram
341 2591 443 2658 ante3
482 2575 560 2641 hine
595 2593 703 2640 autem
739 2577 925 2664 asperrimo
958 2574 1137 2638 sententiae
1159 2569 1249 2633 hiatu
1277 2568 1322 2632 ad

240 2687 296 2753 illa
320 2693 438 2756 transi:
462 2690 532 2758 Sed
556 2695 630 2784 qais
648 2690 702 2755 liic
725 2706 775 2754 est
798 2694 856 2780 qai
877 2694 913 2754 in
932 2689 1082 2779 plateam
1105 2684 1327 2776 ingreditur?

241 2803 390 2896 deniqne
426 2806 551 2872 bonum
587 2822 716 2897 poetam
751 2805 836 2870 adeo
864 2806 913 2871 sae
941 2804 1156 2880 delirantem,
1196 2820 1230 2865 nt
1257 2826 1325 2866 nno

243 2938 359 2986 tenore
387 2923 444 2987 has
470 2924 612 2988 sociasse
640 2923 818 2987 sententias
842 2919 1012 2986 credatur:
1046 2934 1162 2983 ararites
1188 2934 1222 2981 te
1249 2942 1327 2980 eru-

242 3033 351 3101 deiem
376 3056 585 3128 queruntur;
612 3062 676 3127 ego
702 3037 901 3101 eiernentem
929 3052 1087 3124 expertus
1105 3018 1193 3098 anit:
1222 3049 1328 3123 atque

244 3152 347 3217 talem
369 3171 403 3218 te
425 3154 625 3246 praedicari
643 3158 738 3244 prius
766 3173 1004 3240 cognoveram.

718 3407 728 3427 “
762 3422 818 3485 nr.

344 3602 459 3692 Longe
493 3599 680 3690 graviorem
717 3593 983 3686 interpolationis
1010 3591 1157 3683 speciem
1184 3587 1240 3653 illa
1270 3586 1332 3652 ha-

245 3717 336 3795 bent,
361 3741 445 3808 quae
472 3715 504 3778 iu
535 3713 599 3778 fine
626 3737 747 3778 scenae
769 3727 903 3803 quartae
931 3707 1031 3799 (quae
1059 3705 1129 3770 aliis
1157 3721 1207 3770 cst
1234 3705 1335 3796 quin-

247 3829 293 3916 ta)
321 3849 413 3901 actas
439 3831 485 3897 lv
512 3829 684 3921 leguntur,
712 3827 759 3892 sie
787 3826 960 3892 constituta
987 3823 1027 3887 ab
1054 3822 1268 3886 Hermanno:

344 3966 413 4030 Hic
438 3986 511 4027 meo
537 3961 620 4025 ltere
645 3963 772 4025 amicas
797 3957 887 4022 solus
901 3955 1028 4047 firmas
1054 3955 1194 4026 restitit,

346 4081 464 4169 Neque
490 4076 678 4141 demutavit
704 4078 853 4140 animum
879 4070 922 4135 de
936 4067 1149 4162 firmaflde.

274 4198 321 4267 ΩΟ
344 4192 416 4260 Sed
439 4193 493 4257 hic
518 4216 618 4264 nnat,
645 4208 681 4255 ut
709 4213 774 4281 ego
799 4191 967 4277 suspicor,
990 4202 1105 4249 servat
1128 4181 1242 4260 fidem.

352 4310 557 4399 Quanquam
583 4305 716 4370 labores
742 4303 864 4367 multos
892 4300 933 4366 ob
959 4324 1030 4364 rem
1055 4299 1131 4363 lieri
1154 4301 1221 4361 mei

348 4424 394 4489 Et
420 4422 562 4488 liberam
588 4425 659 4485 eius
685 4443 761 4483 eum
786 4400 850 4508 egio
879 4420 1005 4509 cepisse
1028 4436 1161 4478 censen.

254 4543 352 4607 Mitto
380 4563 468 4602 nunc
488 4560 671 4628 ⁴quaerere,
696 4535 730 4607 in
756 4533 918 4598 librorum
946 4531 1139 4596 memoriam
1155 4528 1239 4595 haec
1258 4555 1343 4598 nee·

252 4679 295 4722 ne
325 4654 536 4720 conveniant:
573 4651 614 4717 de
648 4647 715 4717 sola
749 4649 912 4715 sententia
941 4669 1085 4738 quaero,
1121 4668 1218 4736 quarn
1248 4662 1344 4711 recte

642 4762 653 4787 θ
