2820 5332
187 699 189 704 v
225 657 297 744 426
610 687 667 730 vir.
701 687 743 728 ua
767 687 883 730 rasari

221 857 381 946 46·‚52).
445 857 516 927 Sed
541 880 652 928 tamen
675 860 796 940 habeo,
823 883 883 926 eur
907 851 1015 951 aptius
1041 861 1138 927 etiam
1162 860 1196 926 in
1220 887 1307 954 pro·

223 977 309 1042 xima
344 992 493 1066 tempora
532 976 712 1043 con-venire
747 973 855 1040 Plauti
885 975 985 1040 verba
1019 991 1142 1066 putem.
1201 977 1307 1043 blissa

222 1091 309 1155 enim
342 1091 389 1156 Μ.
414 1087 522 1156 Fulvii
552 1089 735 1158 NobiIIoris
767 1090 916 1158 ovatione
952 1088 1037 1175 (Lis.
1064 1091 1223 1172 XXXVI,
1248 1095 1309 1160 21.

222 1202 303 1291 39),
337 1203 381 1271 dc
417 1207 505 1272 Boiis
533 1204 637 1273 Gallis
662 1232 693 1272 a.
719 1202 793 1273 562
831 1205 1036 1296 triumphum
1062 1207 1130 1298 egit
1153 1209 1189 1273 Ρ.
1215 1206 1308 1274 Cor·

221 1317 329 1387 nelius
353 1319 465 1412 Scipio
492 1321 632 1398 Nasica,
658 1347 686 1385 a.
709 1318 780 1388 663
805 1319 848 1386 dc
873 1318 1003 1387 Aetolis
1027 1338 1061 1387 et
1083 1346 1163 1414 rege
1187 1323 1311 1391 Antio-

224 1435 287 1502 cho
321 1435 377 1500 Μ’.
412 1435 538 1503 Acilius
569 1435 708 1502 Glabrio
746 1435 828 1521 (Lis.
856 1436 1013 1515 XXXVI,
1036 1431 1093 1503 40.
1129 1437 1307 1516 XXXVII,

222 1546 306 1636 46),
348 1553 519 1643 proximus
546 1568 652 1617 autem
680 1575 783 1617 annus
807 1569 985 1643 quaternos
1012 1552 1197 1643 triumphos
1222 1552 1308 1618 vidit

223 1669 260 1734 L.
287 1665 436 1733 Cornelii
473 1664 639 1758 ScipionIs
671 1666 824 1744 Asiatici,
857 1665 1078 1759 navalemque
1108 1668 1145 1732 L.
1171 1666 1306 1733 Aemilii

101 1762 103 1766 ’
222 1780 342 1874 negiu
368 1779 412 1847 a.
436 1805 518 1873 rege
538 1781 715 1858 antiocho,
731 1782 893 1866 canu
914 1782 1079 1847 musonis
1107 1784 1186 1849 nem
1206 1807 1305 1848 nav..

220 1895 289 1964 lem
317 1922 358 1962 ex
385 1896 486 1964 Creta
509 1895 789 1982 (Liv.·XXXVII,
804 1896 860 1966 59·
876 1897 931 1966 68.
946 1899 1024 1978 60),
1050 1916 1083 1965 et
1106 1899 1143 1963 L.
1171 1896 1306 1963 Aemilii

222 2010 328 2079 Paulli
356 2037 395 2078 ex
421 2013 580 2104 Hispania
613 2010 769 2079 ulteriore
807 2003 941 2103 (Vellei.
966 2014 1094 2080 Patere.
1121 2013 1146 2091 I,
1173 2013 1195 2083 9
1227 2013 1306 2081 coll.

224 2126 337 2221 Sigon.
361 2145 539 2195 comment.
561 2129 596 2193 in
618 2129 703 2194 Fast
731 2154 766 2220 p.
792 2125 897 2212 316);
924 2151 1007 2220 quos
1035 2152 1101 2195 uno
1127 2129 1304 2195 interiecto

222 2267 308 2310 anno
332 2244 434 2310 secuti
460 2260 536 2310 sunt
560 2269 586 2309 a.
610 2241 681 2312 566
706 2244 752 2308 Μ.
777 2243 804 2308 F
808 2241 886 2309 ulaii
911 2241 1093 2311 Nobilioris
1120 2242 1163 2309 de
1177 2243 1305 2311 Aetolis

226 2355 324 2425 etde
351 2356 590 2450 Cephallenia,
625 2374 659 2423 et
691 2357 751 2424 Cn.
784 2356 904 2423 Manlii
935 2356 1093 2424 Vulsonis
1125 2355 1168 2422 de
1197 2355 1304 2423 Gallis

130 2503 136 2516 ·
225 2473 375 2541 Asiaticis
411 2475 569 2566 triumphi
611 2473 694 2560 (tiv.
721 2474 879 2553 XXXIX,
903 2475 936 2541 6.
962 2472 1017 2559 6),
1053 2472 1162 2540 nullus
1195 2491 1307 2540 autem

227 2590 386 2680 proximis
412 2591 504 2656 annis
527 2589 569 2656 ad
594 2607 737 2657 mortem
758 2589 876 2659 Plauti.
929 2590 1037 2656 llabes
1058 2587 1306 2656 multitudinem

228 2707 304 2768 satis
329 2722 365 2770 ut
388 2703 519 2770 videtur
543 2703 709 2783 idoneam,
736 2729 794 2771 eur
813 2701 1026 2796 pervulgatus
1052 2703 1222 2771 diceretur
1235 2727 1307 2769 mos

227 2819 474 2912 triumphandi3
508 2818 657 2888 noudum
690 2821 793 2885 habes
819 2821 1001 2899 rationem,
1031 2793 1091 2885 eui
1119 2821 1153 2884 in
1180 2844 1306 2884 summa

227 2933 417 3024 frequentia
439 2933 677 3026 amplissimum
704 2935 866 3002 honorem
880 2959 996 3026 partim
1012 2960 1048 3000 se
1066 2959 1180 3000 curare
1197 2933 1308 3024 Chry-

228 3048 314 3115 salus
344 3048 464 3115 dixisse
490 3049 649 3117 videatur.
712 3052 779 3116 Etsi
813 3052 912 3143 igitur
944 3052 1008 3115 iam
1032 3051 1215 3116 Minucium
1242 3051 1310 3115 Ru-

229 3152 386 3232 sumlnun
413 3166 487 3232 satis
514 3166 739 3258 triumphandi
777 3167 905 3232 honore
933 3164 1067 3258 dignum
1095 3167 1236 3231 tribunis
1263 3169 1312 3230 ai·

230 3305 301 3345 sum
326 3282 435 3349 Livius
460 3274 641 3360 memorat,
687 3283 747 3348 etsi
776 3281 920 3348 eundem
948 3282 1106 3347 honorem
1144 3306 1210 3347 non
1238 3284 1309 3347 sinc

228 3395 337 3487 aliqua
364 3398 486 3462 tribuni
512 3399 746 3465 intercessione
773 3414 842 3462 tum
857 3397 1050 3488 Scipionem
1073 3396 1224 3463 Nasicam
1245 3399 1308 3461 im-

230 3528 377 3600 petrasse
412 3527 478 3576 tum
512 3510 663 3577 Fulvium
698 3509 905 3579 Nobiliorem
932 3530 1043 3577 narrat
1071 3511 1226 3589 XXXVI,
1252 3508 1310 3578 39.

231 3625 388 3703 XXXIX,
413 3621 454 3692 A:
488 3644 599 3692 tamen
626 3626 707 3693 baec
732 3625 816 3692 levia
842 3600 974 3692 luerunt
1000 3651 1063 3691 nee
1087 3624 1311 3717 comparanda

231 3765 306 3808 cum
331 3742 499 3809 acerrimis
521 3743 767 3820 certaminibus,
793 3743 913 3834 quibus
940 3742 1205 3834 pervicacissimo
1232 3766 1314 3808 cou-

230 3856 461 3924 tradiccntium
487 3857 701 3950 repugnantia
727 3855 918 3948 superanda
944 3855 1070 3922 Manlio
1093 3856 1248 3936 Vulsoni,
1274 3882 1313 3921 ac

231 3969 333 4037 multo
370 3974 467 4037 etiam
495 3974 596 4065 magis
628 3972 731 4037 Fabio
767 3972 916 4037 Labeoni
955 3970 1024 4037 fuit.
1092 3976 1142 4040 Ac
1176 3970 1218 4037 de
1250 3971 1312 4036 Cn.

232 4086 357 4154 Manlio
386 4113 470 4180 quae
496 4088 608 4155 Livius
635 4086 826 4163 XXXVIII,
851 4084 996 4155 All-50
1029 4090 1206 4154 memoriae
1234 4110 1316 4178 pro-

233 4200 336 4282 didit,
370 4202 494 4271 saciunt
530 4222 564 4270 ut
589 4229 711 4295 anceps
739 4205 781 4269 sit
800 4200 983 4284 iudicium-3
1022 4201 1081 4268 sed
1110 4205 1149 4284 Q.
1178 4201 1316 4293 quidem

234 4319 337 4384 Fabio
363 4322 531 4385 neminem
568 4344 710 4412 unquam
743 4317 964 4410 iudIgniorem
998 4321 1040 4383 ad
1067 4319 1226 4408 triumphi
1255 4318 1318 4383 ho·

233 4456 351 4500 norem
377 4461 565 4514 accessisse,
591 4435 667 4501 satis
693 4451 808 4526 aperte
837 4435 877 4498 ab
907 4436 1025 4498 eodeni
1044 4433 1246 4500 declaratum
1265 4451 1317 4499 est

235 4550 404 4626 XXXVII,
426 4548 472 4618 60
507 4569 538 4614 et
570 4549 759 4625 XXXVIII,
786 4551 844 4617 47.
915 4549 1047 4640 Quippe
1082 4549 1314 4638 triumphavit,

235 4687 333 4755 quem
374 4688 446 4729 non
483 4663 604 4730 bellum
644 4667 804 4730 iniustum
839 4667 1009 4755 gessisse,
1052 4661 1114 4728 sed
1147 4663 1318 4729 bostem
