2820 5332
424 665 672 714 nosceremur
699 669 889 714 rarvrmte.
1118 645 1190 719 497

113 860 214 933 'supra
239 832 466 923 atlltibuimus3
496 843 563 907 itae
595 817 664 907 ullo
690 842 823 910 viuculo
850 845 882 912 ci
907 846 1050 911 nectitur
1075 849 1191 937 proxi·

111 955 359 1023 musdanistae
385 980 512 1022 versus:
538 955 621 1022 redo
637 961 775 1045 faenus
801 983 829 1025 e.
857 984 889 1051 q.
904 983 929 1024 s.
981 960 1056 1051 Ipsa
1077 981 1189 1028 autem

111 1074 276 1140 sententia
300 1070 390 1137 haud
413 1073 568 1164 ambigue
594 1096 670 1139 cum
696 1075 789 1140 iubet
810 1099 887 1141 cum
910 1076 1059 1142 affinibus
1074 1076 1188 1147 vv.76.

112 1195 158 1264 77
183 1190 383 1256 consociari:
400 1192 537 1273 foenus
561 1189 643 1264 illie,
659 1193 796 1277 faenus
821 1183 897 1256 hic:
922 1195 1030 1256 nescit
1055 1191 1190 1283 quidem

113 1309 182 1371 nisi
196 1305 333 1391 faenus
348 1301 559 1390 fabularier.
616 1308 721 1371 Porro
748 1324 817 1372 nan
840 1304 959 1373 videor
988 1309 1073 1374 iusto
1099 1331 1192 1374 seve·

111 1423 181 1487 rior
207 1443 291 1499 esse,
317 1443 392 1484 cum
419 1417 599 1510 displicere
623 1420 851 1512 interrogandi
866 1420 1004 1487 sormam
1019 1425 1190 1495 versus75

112 1550 236 1600 censeo
268 1531 388 1599 mediis
423 1533 563 1625 quidem
595 1535 800 1625 imperativis
824 1539 1070 1627 interpositam:
1107 1536 1190 1604 cedo

102 1651 252 1734 sueretu,
278 1646 384 1714 redde
399 1650 548 1734 suenus,
563 1652 700 1734 faenus
721 1648 879 1724 reddite,
903 1649 986 1716 date
1002 1651 1093 1717 milri
1103 1655 1191 1739 sue·

111 1788 188 1829 vans.
242 1765 333 1829 llaec
362 1787 498 1856 prorsus
523 1765 566 1829 ita
591 1781 781 1855 comparata
804 1784 889 1845 sunt,
915 1783 951 1831 ut
976 1765 1113 1834 diversis
1135 1793 1191 1833 re-

113 1881 244 1972 sponsis
277 1878 451 1973 videantur
481 1879 665 1970 imperativi
692 1897 792 1972 atque
818 1881 1031 1974 interrogatio
1056 1882 1193 1976 disper·-

111 1993 223 2061 tiendo
247 2019 328 2062 esset
388 1998 562 2061 Postremo
596 2018 663 2061 nou
700 2011 750 2062 est
783 1998 855 2063 veri
888 1996 995 2089 simile
1031 1995 1082 2063 lris
1112 2000 1192 2066 rixis

112 2111 213 2176 finem
237 2111 429 2202 impositum
457 2134 529 2176 esse
554 2109 621 2176 ltoc
647 2108 793 2177 danistae
819 2136 935 2179 versu:
967 2136 1039 2179 nrm
1073 2113 1196 2209 edepol

112 2248 206 2293 nane
227 2252 279 2292 me
303 2242 340 2293 tu
365 2230 440 2292 t'stt's
463 2225 572 2292 verbis
593 2231 747 2293 territas.
810 2227 895 2296 Nam
926 2254 991 2296 nec
1028 2231 1106 2298 satis
1142 2223 1194 2300 est

111 2343 222 2410 verbis
249 2342 283 2410 id
309 2343 599 2434 pervicacissimus
624 2340 746 2409 indolis
779 2360 1003 2415 veteratorem
1028 2347 1193 2438 profiteri,

113 2458 176 2527 sed
199 2484 238 2525 re
263 2460 486 2551 conrprobarc
512 2473 660 2550 oportet:
696 2483 761 2524 nec
792 2476 915 2549 poetae
941 2462 1003 2529 arti
1024 2465 1194 2543 'convenit

111 2598 180 2641 non
207 2574 238 2640 ei
265 2576 374 2665 potius
400 2574 559 2652 orationi,
594 2573 628 2638 in
663 2597 726 2665 qua
762 2596 883 2666 reapse
917 2575 1060 2645 faenoris
1093 2578 1193 2646 toties

110 2691 206 2782 petiti
236 2691 361 2754 mentio
393 2689 448 2765 fit,
484 2713 584 2781 quam
617 2689 666 2768 ei,
703 2713 768 2781 qua
800 2688 1049 2781 propemodum
1075 2691 1194 2761 obmu-

111 2806 173 2871 tuit
198 2805 350 2897 petitoris
376 2802 604 2895 impudentia,
631 2802 713 2871 haec
737 2805 934 2875 continuare
960 2805 1194 2900 'iheumpidis

111 2944 201 2988 nunc
228 2922 372 3012 primum
397 2920 650 2986 intervenientis
673 2919 794 2984 rerba:
820 2917 912 3010 quod
941 2920 1021 3003 illue
1042 2938 1095 2990 est
1106 2926 1195 3011 sae.

117 3009 195 3111 neeri
220 3035 379 3111 obsecro,
405 3033 498 3128 quad
522 3034 591 3102 illic
612 3037 709 3126 petit.

211 3177 276 3241 Has
301 3177 401 3268 igitur
428 3190 475 3242 tot
500 3192 672 3268 tantasque
698 3170 898 3241 offensiones
924 3174 952 3241 si
973 3199 1041 3241 non
1063 3177 1192 3270 patien-

112 3309 164 3358 ter
191 3293 384 3383 concoquis,
407 3287 468 3357 sed
489 3286 648 3357 radicitus
673 3305 775 3382 atque
795 3288 884 3354 adeo
905 3289 1090 3358 eradicitus
1102 3316 1192 3359 sum·

111 3405 294 3474 movendas
321 3402 433 3487 sentis,
455 3404 525 3472 nuli
549 3401 625 3472 cum
652 3406 846 3499 ignavorum
866 3428 991 3500 genere
1017 3407 1192 3476 fortiorem

110 3523 310 3588 medicinam
336 3545 581 3614 expavescere,
614 3519 673 3586 sed
700 3545 728 3586 r.
753 3522 797 3592 61
827 3540 1006 3616 transpone
1031 3540 1108 3615 post
1132 3525 1191 3602 58,

109 3661 159 3704 vv.
172 3638 229 3706 6‘2.
240 3635 353 3706 63.64
378 3655 455 3730 pust
472 3639 529 3718 72,
555 3636 639 3705 rai-‘3
654 3654 730 3729 past
744 3637 800 3717 tt,
825 3661 854 3704 v.
865 3641 911 3708 75
927 3656 1003 3730 post
1017 3640 1075 3707 80.
1118 3640 1192 3721 Qua

112 3756 238 3820 ratione
265 3773 299 3821 ut
324 3753 458 3846 plenius
486 3755 669 3845 perspicias
694 3777 794 3845 quam
817 3755 978 3820 concinne
1006 3779 1025 3819 c
1051 3750 1189 3844 singulis

111 3867 238 3959 singula
265 3887 339 3962 apta
365 3872 429 3936 sint
453 3885 487 3936 et
511 3869 553 3934 ab
579 3870 664 3934 iusto
685 3868 777 3933 initio
792 3866 836 3932 ad
855 3866 1067 3934 commodum
1087 3867 1189 3935 finem

110 4001 203 4051 recte
231 3982 445 4062 delabantur,
471 3985 637 4074 integrum
662 3981 840 4047 Tranionis
866 4006 941 4049 cum
968 3980 1095 4049 danista
1118 3979 1189 4052 eol·

110 4098 261 4194 loquium
288 4097 494 4164 emendatius
519 4095 605 4162 inira
630 4095 738 4188 posui.

258 4286 314 4332 ra.
341 4256 480 4330 Salvc've
505 4256 601 4328 iubeo
628 4249 674 4335 td,
701 4253 965 4353 illisargyrt'dis,
991 4254 1089 4330 dene.

258 4411 317 4456 aa.
344 4385 446 4454 Salve
472 4380 506 4450 e't
532 4401 579 4452 tu.
612 4383 759 4479 quidde
785 4378 989 4475 argentost?
1039 4407 1096 4456 re.
1129 4383 1189 4455 abt

697 4508 757 4584 stit,
780 4492 894 4575 be'lrtei
1127 4489 1130 4499 Ι

258 4626 432 4703 Continuo
453 4628 644 4701 adveniens
665 4621 772 4725 pilum
799 4625 949 4721 iniecisti
969 4630 1059 4702 mvlv.

949 4746 998 4821 32
