2820 5332
237 745 311 816 514<
548 767 591 812 rx.
643 769 685 810 nt
714 765 1000 812 rureuromnour

235 947 394 1033 genium,
428 940 470 1006 ad
497 942 561 1007 hoc
588 957 694 1006 autem
720 945 841 1005 nomen
867 934 1148 1004 accommodanda
1176 938 1327 1028 proximi

239 1083 353 1124 versus
380 1058 580 1123 constructio
608 1059 672 1122 sic:
700 1078 808 1146 neque
836 1053 873 1118 t'd
897 1057 1072 1145 antiquum
1094 1076 1219 1117 serras.
1247 1054 1323 1118 De·

237 1177 342 1266 nique
369 1189 523 1264 quattuor
556 1170 690 1238 illorum
722 1194 876 1236 versuum
909 1170 1036 1262 primus
1063 1166 1145 1260 quid
1179 1167 1320 1235 tandem

235 1290 383 1382 pertinet
408 1286 451 1353 ad
476 1289 540 1354 vim
568 1287 791 1379 perniciosam
817 1287 965 1377 corrupti
992 1283 1136 1350 saeculi?
1160 1287 1245 1352 Nam
1267 1287 1320 1350 sic

235 1406 366 1498 potios,
408 1421 443 1469 ut
478 1404 718 1469 contrariorum
755 1402 921 1493 oppositio
955 1399 1061 1493 qualis
1098 1420 1185 1466 esset
1220 1399 1325 1492 plane

236 1521 493 1613 perspiceretur,
521 1515 722 1583 instituenda
750 1517 853 1582 oratio
881 1533 963 1581 erat:
990 1541 1070 1580 nam
1091 1520 1124 1581 si
1141 1514 1325 1582 demutant

237 1659 348 1700 mores
370 1638 548 1724 ingenium
573 1649 679 1707 turem,
703 1647 740 1696 ut
767 1635 802 1695 in
828 1648 862 1695 te
886 1647 1075 1721 aegrotent
1100 1647 1194 1696 artes
1223 1637 1322 1696 anti-

240 1774 330 1843 quae
356 1766 444 1813 tuae.
496 1752 668 1813 Praeterea
701 1771 765 1812 nec
803 1749 1036 1838 transpositum
1071 1749 1249 1839 quicquam
1284 1749 1321 1813 in

239 1866 406 1930 veteribus
432 1862 552 1942 libris,
591 1881 625 1929 et
650 1862 809 1954 scriptum
833 1865 868 1927 in
894 1864 1093 1928 omnibus
1118 1867 1174 1928 sin
1198 1865 1321 1929 immu-

238 1997 315 2045 tare
339 2004 401 2072 pro
429 1985 498 2045 sire
524 1983 718 2043 immutare.
780 1976 867 2043 lllud
894 1983 948 2043 sin
975 1996 1117 2070 apparet
1141 1979 1182 2044 ab
1210 1981 1326 2070 impe-

238 2099 303 2162 rito
329 2099 516 2186 interprete
543 2109 606 2157 aut
630 2096 662 2158 st'
684 2093 855 2184 particulis
881 2095 1060 2185 ascriptum
1087 2118 1171 2172 esse,
1196 2110 1324 2159 totum-

239 2237 305 2304 que
333 2236 463 2276 versum
492 2207 574 2274 nihil
601 2232 672 2273 esse
697 2209 759 2273 nisi
786 2209 933 2298 ineptam
962 2207 1217 2299 explicationem
1241 2232 1327 2300 pro-

239 2327 318 2389 ximi
345 2348 469 2389 versus.
522 2323 634 2414 Atque
662 2323 726 2387 hoc
750 2325 794 2387 itu
822 2348 913 2401 esse,
940 2323 967 2388 si
993 2324 1051 2415 qui
1076 2325 1193 2390 rationi
1219 2323 1326 2402 nolet,

218 2439 359 2523 ‚credet
385 2457 476 2504 certe
494 2438 704 2504 Ambrosiani
727 2439 929 2515 testimonio,
954 2440 989 2503 in
1015 2462 1082 2532 quo
1100 2439 1210 2505 eiectis
1231 2437 1327 2530 glos-

240 2557 370 2621 sematis
395 2555 629 2620 continuantur
655 2579 683 2618 r.
710 2553 770 2621 34.
797 2552 863 2622 36:
896 2556 986 2621 Nam
1020 2558 1051 2620 si
1076 2557 1112 2620 in
1134 2570 1167 2618 te
1193 2577 1325 2644 aegro-

242 2686 320 2735 tant
344 2686 439 2734 artes
463 2671 627 2758 antiquae
653 2685 756 2740 tuae,
781 2667 852 2734 Aut
876 2674 907 2735 si
930 2668 1109 2735 demutant
1132 2693 1243 2735 mores
1271 2674 1325 2734 in-

242 2789 382 2877 genium
417 2801 520 2854 tuum.
582 2786 623 2849 Et
657 2786 704 2848 sic
737 2783 874 2876 quidem
908 2783 1052 2852 eandem
1087 2788 1174 2852 nacti
1210 2812 1323 2852 sumus

243 2903 419 2993 bipartitae
446 2902 633 2967 sententiae
661 2901 978 2982 conformationem,
1019 2927 1118 2994 quam
1151 2926 1326 2968 commen·

242 3014 343 3082 dabat
369 3015 562 3094 Acidalius,
588 3019 631 3081 ita
658 3035 768 3081 tamen
795 3019 924 3083 inverso
952 3015 1094 3097 ordine,
1118 3035 1154 3083 ut
1178 3044 1196 3082 a
1221 3043 1327 3110 spon-

241 3149 336 3197 taneo
355 3132 480 3198 -morbo
508 3131 551 3196 ad
578 3132 642 3197 vim
669 3133 874 3225 contagionis
902 3149 1091 3198 transeatur.

341 3244 428 3329 Quid
457 3265 563 3312 autem
589 3244 673 3311 illud
700 3272 771 3312 esse
798 3246 956 3325 dicamus,
984 3248 1075 3340 quod
1097 3273 1216 3341 parum
1243 3273 1325 3341 pro-

244 3361 333 3428 sectu
360 3364 523 3427 concinne
560 3386 626 3428 uno
659 3386 757 3426 versu
791 3364 884 3454 prius
917 3364 1098 3430 sententiae
1125 3365 1325 3450 membrum,

246 3474 378 3542 duobus
404 3479 593 3543 continetur
618 3476 783 3543 alterum?
834 3478 876 3542 Et
909 3497 945 3544 ut
969 3481 1134 3548 mittamus
1158 3498 1236 3572 post
1260 3504 1326 3544 art-

246 3596 358 3683 tt'quas
397 3608 491 3656 artes
530 3592 671 3659 moleste
713 3594 892 3685 repetitam
932 3599 1152 3687 antiquorum
1192 3618 1324 3660 morum

245 3710 435 3784 notionem,
463 3709 520 3800 qui
547 3707 681 3774 taudem
707 3707 764 3774 illa
791 3726 846 3774 ast
869 3728 987 3803 captas
1013 3735 1118 3777 noros
1140 3714 1263 3778 rectius
1290 3715 1327 3776 in

245 3825 443 3916 posterioris
466 3825 668 3890 conveniunt
691 3850 789 3917 quam
809 3829 842 3890 iu
863 3828 983 3919 prioris
1009 3853 1122 3893 versus
1148 3853 1328 3921 argumen-

246 3939 339 4006 tum?
387 3926 531 4007 ¹Accedit
556 3939 664 4032 quod,
704 3943 762 4032 qui
788 3968 819 4005 v.
847 3940 892 4011 36
920 3966 1029 4008 mores
1056 3942 1213 4008 dicuntur
1237 3943 1273 4008 h.
1296 3969 1325 4009 e.

248 4057 430 4121 communis
457 4054 547 4120 labes
574 4073 608 4121 et
632 4055 768 4146 publica
801 4046 991 4151 corruptela
1029 4057 1181 4151 (prorsus
1208 4075 1245 4124 ut
1271 4060 1329 4139 IV,

247 4167 282 4246 ll,
308 4170 364 4238 30.
380 4171 438 4249 37,
464 4167 570 4252 alibi),
595 4173 619 4235 ii
648 4196 791 4237 caussa
814 4175 924 4239 morbi
949 4176 1145 4268 cogitantur.
1199 4173 1331 4258 Quodsi

248 4306 323 4348 eos
355 4286 507 4376 proximo
534 4311 632 4352 versu
665 4311 733 4352 non
758 4289 910 4380 antiquos
946 4292 1069 4355 servari
1092 4289 1330 4382 Megaronides

248 4397 301 4475 ait,
329 4417 469 4491 apparet
492 4401 625 4466 minime
649 4402 714 4466 iant
737 4401 852 4468 eudem
874 4404 1110 4497 significatione
1133 4429 1248 4473 morer
1273 4432 1332 4474 ec-

249 4513 334 4605 cipi,
361 4514 421 4580 sed
448 4518 615 4582 communi
640 4519 750 4609 potius
777 4520 931 4598 notione,
959 4545 1024 4612 qua
1046 4521 1172 4613 ingenii
1199 4518 1253 4586 vel
1277 4522 1333 4587 in-

247 4627 335 4696 dolis
368 4649 567 4721 potestatem
604 4653 755 4727 aequant
822 4636 867 4701 Vt
908 4637 953 4701 sic
989 4636 1105 4703 saltem
1145 4635 1333 4704 dicendum

246 4762 369 4836 poetae
394 4746 509 4814 luerit:
535 4749 626 4815 Nam
649 4753 681 4815 εἰ
705 4753 741 4814 in
768 4766 801 4815 te
826 4769 1013 4842 aegrotant
1038 4769 1134 4819 artes
1162 4757 1330 4846 antiquae
