2820 5332
235 757 256 822 l
471 787 492 825 ι.
520 787 560 826 oc
582 784 707 827 aaaron
738 785 864 830 scarae
893 787 1081 831 sourmavs.

233 963 357 1024 Accius
384 977 417 1024 et
439 954 579 1023 Asinius
606 960 738 1024 nomina
764 960 874 1026 iuncta
904 979 1033 1038 estare,
1059 978 1168 1026 tannen
1196 960 1321 1027 nullam

235 1076 299 1141 hoc
334 1076 396 1139 vim
437 1075 537 1139 habet
565 1094 767 1166 propterca,
809 1075 902 1168 quod
929 1100 970 1140 ne
1004 1078 1054 1145 M.
1079 1073 1180 1142 Accii
1203 1073 1325 1144 Plauti

232 1189 372 1284 quidem
406 1191 584 1280 inscriptae
622 1215 694 1255 csse
727 1189 895 1256 Plautinae
932 1189 1062 1255 fabulae
1087 1191 1121 1254 in
1149 1188 1322 1256 codicibus

230 1303 348 1381 solent,
375 1300 434 1368 secl
460 1299 579 1369 Plauti
601 1302 800 1394 simpliciter
827 1301 878 1368 vel
904 1300 1025 1370 Plauti
1045 1304 1185 1378 Comici,
1204 1298 1324 1370 Plauti

232 1421 362 1487 Comici
384 1412 528 1491 Poetae,
557 1435 590 1482 et
616 1419 643 1481 si
670 1417 804 1508 quando
831 1416 1018 1483 ludibunda
1045 1442 1144 1483 manu
1169 1417 1322 1484 similiter

193 1542 206 1555 ”
227 1535 385 1600 variatum
409 1550 467 1599 est.
512 1532 659 1596 Fuerunt
684 1533 783 1623 igitur
810 1532 867 1623 qui
894 1531 936 1597 de
964 1530 1092 1624 duplici
1119 1536 1320 1625 cognomine

225 1667 346 1742 poetae
373 1648 566 1740 cogitarent.
618 1647 659 1713 Et
685 1647 852 1712 Meursius
879 1646 1026 1740 quidem,
1057 1672 1158 1739 quem
1184 1666 1320 1741 praeter

225 1763 306 1832 alios
334 1780 464 1829 secutus
493 1779 542 1827 est
569 1763 703 1840 Parcus,
738 1746 822 1827 illud
862 1760 905 1827 de
939 1787 1006 1854 quo
1039 1764 1229 1857 quaerimus
1261 1788 1319 1830 eo·

118 1910 122 1919 2
224 1903 371 1972 gnomen
398 1900 439 1944 ex
468 1901 508 1944 eo
537 1876 672 1943 ductum
701 1875 865 1955 coniecit,
892 1877 986 1971 quod
1010 1872 1053 1946 ob
1082 1877 1317 1972 quaerendum

222 1996 344 2061 victum
380 1990 423 2056 ad
450 1989 721 2082 circumagendas
747 1988 862 2070 molas,
890 2018 975 2084 quae
1003 1991 1168 2058 trusatiles
1195 1991 1317 2084 appel-

223 2107 343 2187 lantur,
372 2129 510 2197 operam
537 2129 626 2170 suam
654 2103 788 2170 Plautus
815 2107 932 2196 pistori
958 2105 1108 2184 locasset,
1135 2124 1171 2171 ut
1196 2122 1318 2172 testau-

222 2244 276 2291 tur
310 2220 439 2287 Gellius
478 2221 542 2298 ΙΙΙ,
578 2220 600 2287 3
641 2237 674 2285 et
709 2220 932 2312 Hieronymus
962 2221 1100 2286 Eusebii
1138 2222 1316 2313 interpres.

222 2340 306 2429 Nam
333 2361 418 2415 cum,
446 2336 503 2427 qui
531 2331 633 2400 molas
662 2336 935 2425 circumagerent,
957 2338 1124 2400 asinorum
1148 2334 1316 2401 inlocum

222 2454 372 2520 homines
386 2432 636 2517 successissent:
664 2447 946 2541 quemadmodum
963 2450 1165 2516 trusatilibus
1191 2475 1315 2517 revera

220 2582 437 2661 opponuntur
462 2565 621 2630 asinariae
651 2563 773 2630 molae:
801 2568 1018 2657 contemptim
1047 2565 1120 2631 illos
1143 2567 1234 2658 ipsos
1261 2565 1314 2632 di-

221 2701 291 2751 ctos
318 2705 391 2747 esse
417 2681 574 2745 asinos.
628 2679 713 2744 Hine
740 2681 841 2772 igitur
867 2680 987 2745 lactum
1013 2705 1099 2758 esse,
1140 2698 1176 2746 ut
1198 2680 1313 2748 Plauto

219 2799 371 2864 Asinus
398 2819 583 2888 cognomen
607 2792 823 2859 adhaereret:
852 2794 957 2886 idque
972 2795 1185 2861 librariorum
1214 2795 1312 2889 culpa

216 2914 251 2978 in
284 2909 425 2978 Asinius
473 2910 637 2974 transisse.
698 2909 837 2995 Frigent
887 2909 968 2974 haec
1012 2909 1204 2975 mehercule
1242 2934 1311 2977 non

217 3024 449 3098 mediocriter,
483 3041 515 3086 et
541 3022 661 3113 frigere
686 3023 788 3087 sensit
815 3023 1006 3116 Lessingins
1032 3026 1067 3087 in
1091 3025 1165 3090 Vita
1192 3024 1309 3092 Plauti.

218 3141 281 3226 Qui
323 3140 382 3204 etsi
422 3163 438 3203 e
472 3135 687 3201 librariorum
720 3138 905 3202 temeritate
938 3137 1200 3203 additamentum
1224 3139 1309 3205 illud

162 3256 177 3285 ‘
215 3252 439 3346 repetendum
464 3251 609 3344 putavit,
648 3266 757 3314 tamen
790 3267 855 3316 neo
886 3277 973 3342 quae
1002 3254 1071 3317 cius
1101 3257 1194 3346 origo
1223 3273 1311 3323 esset

218 3368 376 3465 expediit,
403 3385 435 3434 et
460 3390 537 3431 vero
565 3366 594 3430 ei
622 3361 820 3430 dubitationi
846 3362 991 3456 aliquem
1018 3365 1130 3432 locum
1156 3367 1311 3463 relictum

215 3484 328 3562 voluit,
345 3508 422 3549 num
439 3480 525 3548 sorte
544 3482 648 3570 ipsius
667 3495 770 3544 aetate
786 3478 891 3545 Plauti
908 3483 975 3546 sive
991 3482 1031 3546 ab
1046 3481 1242 3553 adversariis
1256 3486 1309 3551 iu-

212 3617 349 3667 ventum
366 3598 432 3662 sice
453 3595 494 3659 ab
516 3593 628 3658 infima
644 3590 747 3684 plebe
769 3613 960 3686 usurpatum
981 3595 1168 3662 istiusmodi
1195 3599 1309 3664 convi-

216 3715 302 3782 cium
326 3710 453 3777 fuisset.
489 3709 601 3778 Vnum
629 3705 687 3772 ille
716 3707 780 3774 boc
807 3709 981 3774 contendit
1009 3713 1081 3776 iure
1108 3735 1179 3792 suo,
1206 3712 1309 3806 quod,

215 3830 245 3898 si
276 3843 467 3894 constanter
499 3822 554 3890 tali
590 3824 726 3889 uomiue
766 3813 1009 3890 celeberrimus
1040 3844 1139 3919 poeta
1174 3844 1309 3896 ornatus

216 3960 313 4021 esset,
337 3966 404 4007 oon
433 3965 506 4005 esse
535 3937 702 4004 credibile
729 3939 774 4003 ait
800 3936 926 4003 nullum
955 3941 1023 4004 eius
1039 3943 1090 4006 rei
1108 3941 1198 4033 apud
1217 3944 1308 4034 ipsos

215 4059 399 4151 scriptores
428 4054 599 4145 vestigium
634 4053 823 4121 extiturum.
876 4051 1020 4119 Accedit
1053 4071 1161 4120 autem
1196 4059 1310 4148 singu·

214 4168 293 4240 laris
318 4166 473 4236 condicio
501 4190 616 4233 eorum
642 4163 816 4246 librorum,
850 4168 971 4259 quibus
998 4166 1042 4232 ad
1067 4187 1211 4235 nostram
1236 4195 1309 4236 me-

214 4288 354 4354 moriam
380 4285 442 4349 iste
465 4280 619 4374 proditus
647 4299 697 4347 est
721 4282 864 4351 Asinius.
918 4284 1065 4365 Quorum
1092 4283 1229 4378 plurimi
1244 4287 1309 4354 XV

216 4386 349 4489 demum
381 4396 514 4465 saeculo
547 4396 664 4488 scripti
701 4414 794 4476 sunt,
830 4401 929 4489 pauci
956 4396 1092 4490 quidam
1119 4416 1155 4466 ut
1178 4399 1309 4469 videtur

216 4507 311 4584 ¹XIV:
345 4510 456 4578 nullus
483 4529 591 4578 autem
616 4511 657 4597 (si
684 4511 725 4576 ab
752 4535 828 4590 uno,
853 4511 911 4604 qui
938 4510 1017 4578 olim
1034 4512 1168 4606 Vgoleti
1191 4514 1307 4600 suit*),

218 4624 344 4639 ι-υύ-
349 4624 501 4635 annot—an·—

251 4681 277 4747 ·)
296 4677 335 4730 lle
354 4676 404 4728 boe
425 4676 479 4728 llus
510 4674 556 4726 Rh.
575 4673 593 4724 1.
612 4688 635 4728 c.
657 4681 684 4723 at
702 4688 727 4741 p.
749 4672 796 4726 161
816 4673 910 4725 dietum
930 4683 978 4726 est.
1001 4677 1126 4745 ·Vgoleti
1154 4693 1212 4729 cum
1240 4676 1307 4731 haee

304 4762 382 4814 rerba
402 4763 469 4815 siut:
489 4769 513 4812 et
526 4760 645 4813 Asinium
663 4775 759 4827 meque
777 4758 948 4828 [appellatum
963 4762 1193 4832 luissel’lactom),
1213 4765 1238 4816 si
1261 4781 1309 4818 eo·
