2820 5332
411 711 657 756 uosruuuamau
686 712 877 755 narremur.
1109 687 1178 757 451

105 877 320 950 eam'ordine
344 880 386 946 de
413 880 558 974 siugulis.
622 883 662 946 Et
697 881 845 972 priorem
875 878 1012 972 quidem
1045 882 1180 949 Bothius

106 1018 155 1064 sat
177 999 309 1064 inficeto
336 999 382 1064 sic
414 996 604 1089 suppletum
636 999 717 1062 Non
743 995 863 1086 edepol
893 1020 957 1086 ego
992 995 1108 1062 video:
1134 994 1182 1064 At

107 1140 135 1179 e.
161 1143 194 1206 q.
217 1140 242 1179 s.
266 1112 497 1180 collocandam
521 1132 597 1203 post
625 1114 695 1180 159.
718 1111 851 1202 putavit.
887 1114 957 1178 Nec
983 1136 1060 1177 vero
1081 1111 1183 1178 libra-

104 1232 230 1295 riorum
254 1228 313 1294 ille
340 1228 436 1320 culpa
462 1252 595 1293 maneus
623 1244 692 1308 est,
735 1226 797 1293 sed
825 1227 902 1292 vitio
930 1226 1066 1293 editoris
1100 1225 1184 1313 Itali,

106 1347 164 1437 qui
190 1368 253 1423 eas,
281 1368 365 1435 quae
392 1361 467 1408 sant
490 1344 580 1407 inter
607 1340 702 1406 video
730 1358 763 1407 ct
790 1342 951 1407 volturios
977 1340 1100 1407 litteras
1120 1343 1185 1407 eir-

107 1462 188 1527 oiter
223 1475 298 1525 octo
332 1482 492 1524 novemve
528 1458 670 1548 turpiter
701 1455 858 1549 neglexit.
918 1460 1063 1540 Quarum
1098 1482 1184 1548 quae

107 1575 298 1640 tenuissima
331 1573 467 1664 vestigia
498 1590 703 1663 supersunt,
741 1590 898 1663 quantum
933 1562 1026 1663 potui
1061 1563 1185 1637 calamo

105 1692 247 1755 imitatus
273 1691 385 1779 repeti
408 1688 517 1753 curavi
543 1686 697 1779 exemplo
716 1685 969 1779 lithographico.
1004 1691 1188 1753 Potuerunt

109 1830 147 1872 eo
173 1805 247 1870 loeo
273 1804 374 1869 multa
399 1827 463 1868 non
488 1805 602 1894 inepte
629 1803 716 1881 diei,
740 1801 834 1868 velut
860 1801 955 1868 video
978 1807 1089 1895 pictos
1116 1803 1187 1868 vol*

109 1924 229 1995 turios,
257 1919 352 1986 video
378 1919 468 1983 hisce
493 1919 598 1984 ocellis
621 1917 795 1993 volturios,
819 1917 898 1983 alia:
924 1920 1065 2011 propius
1088 1943 1187 2010 quam

108 2035 252 2127 reliqua,
278 2060 363 2126 quae
391 2034 424 2098 iu
450 2050 595 2099 mentem
620 2051 801 2112 venerunt,
825 2032 867 2099 ad
893 2035 1027 2127 vestigia
1051 2032 1107 2098 illa
1133 2060 1189 2099 ae-

111 2150 232 2216 cedere
267 2152 371 2215 visum
404 2166 453 2214 est
486 2148 581 2214 video
607 2147 656 2213 od
694 2149 824 2214 laevum
850 2149 1021 2216 volturios.
1082 2147 1188 2215 Simul

113 2264 357 2331 emendatiores
383 2265 524 2355 apposui
549 2265 741 2331 coniunctos
765 2289 839 2330 eum
865 2262 922 2330 illo
949 2288 1077 2330 versus:

138 2377 205 2454 147
258 2403 314 2447 ΤΚ.
344 2375 458 2450 Viden
474 2383 612 2471 pictum,
638 2396 675 2444 ut
692 2378 740 2445 ibi
764 2374 959 2471 lridficotur
984 2375 1106 2445 cdrnia
1122 2379 1189 2445 vol-

444 2571 447 2576 ·
604 2490 710 2560 troada
736 2494 831 2558 duo?

258 2635 319 2681 ru.
357 2606 437 2679 No'n
473 2608 593 2701 edepol
627 2607 734 2675 video.
786 2632 842 2677 ra.
874 2609 912 2675 u't
937 2633 1002 2701 ego
1029 2609 1124 2676 video
1146 2607 1194 2674 ud

599 2718 729 2788 ludvum
753 2720 913 2790 volturids
937 2724 1023 2790 dero:

141 2839 209 2908 148
261 2834 393 2906 Co'rnire
417 2854 528 2905 astat:
562 2835 603 2903 e‘a
626 2839 786 2904 volturios
819 2836 885 2904 duo'
920 2842 1063 2905 vicissim
1100 2836 1190 2907 ve'lli·

608 2972 672 3019 cat.

111 3071 161 3134 Ita
189 3087 222 3134 et
249 3094 361 3135 caussa
387 3071 500 3135 omissi
526 3069 679 3135 versiculi
705 3088 858 3161 tanquam
884 3070 918 3134 in
938 3069 1052 3136 oculos
1079 3072 1190 3138 ineur-

110 3186 162 3260 rit‚
191 3202 224 3249 et
249 3182 352 3250 multo
380 3182 585 3251 commodius
608 3209 725 3251 versus
746 3182 815 3254 148
839 3185 941 3251 verba
968 3187 1012 3251 ibi
1029 3185 1192 3253 collocata

113 3301 237 3378 habes,
262 3300 317 3365 ubi
344 3300 410 3365 iam
438 3324 505 3366 non
530 3301 714 3392 interrogat
738 3302 881 3378 Tranio,
908 3300 966 3365 sad
996 3303 1133 3393 exponit
1158 3319 1192 3369 et

113 3416 257 3480 affirmat.
308 3416 348 3482 V.
379 3413 444 3483 147
481 3415 630 3506 vulgatur
652 3419 799 3505 pictum,
825 3413 882 3480 ubi
902 3415 1098 3508 ludificatur
1122 3441 1192 3482 una

112 3534 248 3603 cornix,
274 3555 335 3621 pro
364 3555 430 3623 quo
456 3530 592 3597 Bothius
618 3531 783 3597 substituit
806 3556 841 3623 p.
868 3531 926 3597 ubi
949 3532 1189 3624 ludificatum.

113 3644 180 3710 Sed
209 3670 273 3710 nec
300 3643 357 3709 ubi
380 3645 573 3735 particulam
600 3647 708 3711 habeo
736 3647 793 3738 qui
820 3649 896 3712 satis
931 3649 1121 3738 expediam,
1157 3666 1192 3715 et

114 3787 389 3851 supervacaneam
417 3785 486 3825 una
513 3758 650 3839 vocem,
685 3788 769 3853 qnae
796 3761 892 3826 sucile
918 3761 995 3825 addi
1019 3764 1060 3826 ab
1086 3763 1191 3827 iuter-

114 3895 211 3967 prete
234 3880 349 3964 potnit,
376 3878 495 3943 omittit
519 3879 764 3942 Ambrosianus.
823 3876 911 3967 Ergo
939 3889 974 3939 itt
1002 3876 1050 3940 ibi
1072 3879 1192 3968 scripsi

113 4008 238 4056 servata
266 3989 462 4082 deponentis
488 3992 602 4070 sorana,
630 3990 775 4055 ibiiliud
792 3990 941 4056 reserens
966 3988 1008 4054 ad
1031 3989 1129 4068 idem,
1155 3993 1190 4056 in

114 4130 180 4196 quo
214 4107 452 4196 perscrutamlo
490 4127 660 4174 versantur
691 4105 899 4171 vestibulum.
965 4105 1021 4170 abt
1046 4132 1124 4170 num
1152 4108 1193 4171 sit

111 4222 143 4283 in
171 4221 298 4299 Ambr„
324 4246 392 4287 nou
417 4225 517 4315 magis
551 4241 642 4315 patet
665 4248 765 4313 quarn
791 4222 898 4312 primo
926 4247 1019 4286 versu
1046 4221 1126 4296 duo,
1149 4249 1190 4288 an

115 4333 199 4398 aluos
224 4335 302 4400 item
328 4354 363 4400 ut
387 4335 491 4404 altero
521 4341 687 4429 tertioque
716 4362 823 4415 versu,
846 4337 980 4401 habeat:
1007 4335 1074 4401 drw
1104 4357 1194 4405 otro·

115 4476 181 4540 que
205 4449 277 4515 loco
307 4469 357 4515 est
383 4451 417 4514 iu
442 4450 603 4517 Palatinis.
736 4454 740 4460 ⁴

208 4563 379 4631 Difficilius
407 4585 456 4633 est
482 4567 524 4631 de
550 4566 653 4633 altero
680 4593 776 4633 versu
804 4566 982 4652 iudicium,
1020 4570 1111 4635 errius
1136 4569 1191 4635 hic

110 4683 181 4764 suit,
205 4683 232 4748 si
258 4681 420 4750 librorum
446 4682 550 4750 fidem
578 4685 759 4776 sequimur,
788 4709 863 4752 cum
887 4680 1046 4779 contiguis
1072 4703 1190 4751 nexus:
