2820 5332
412 689 432 734 ι.
457 689 501 733 nc
527 687 644 734 rntvrr
673 692 800 753 rupuar
830 695 1015 742 ronrrrarr.
1216 675 1263 746 99

166 876 215 927 οῖ’

268 965 394 1061 [Hem]
420 967 634 1058 myrrhinum
656 970 739 1037 milri
763 971 864 1061 affer,
885 997 950 1068 quo
976 974 1128 1042 virilibus

266 1085 383 1154 Armis
409 1108 584 1153 occursem
608 1082 735 1176 [magis
764 1086 872 1176 nuuc]
888 1091 1120 1176 fortiuscula:

164 1226 305 1294 prorsus
331 1202 430 1281 enirn
467 1201 504 1266 iu
540 1200 605 1268 hoc
643 1225 769 1293 genere
808 1203 1021 1270 incredibilia
1049 1223 1083 1271 ut
1109 1207 1260 1275 consulet

166 1317 304 1383 Bothius
330 1317 556 1383 machinatur:
592 1315 693 1383 modo
719 1315 763 1383 de
790 1316 858 1383 fide
880 1319 908 1382 F
912 1317 1050 1409 ulgentii
1074 1320 1150 1387 satis
1177 1345 1259 1387 con-

165 1450 277 1498 staret.
330 1431 423 1513 Quae
457 1430 554 1495 etiam
590 1431 624 1494 in
660 1431 721 1497 hac
757 1456 871 1498 caussa
896 1456 964 1499 non
989 1459 1089 1500 unam
1116 1436 1159 1499 oh
1185 1460 1258 1501 rem

166 1543 262 1611 valde
286 1546 368 1612 mihi
393 1527 546 1635 inspecta
574 1562 632 1610 est.
683 1544 768 1610 Nam
803 1570 878 1612 cum
912 1547 1060 1615 inaudita
1091 1549 1257 1617 veteribus

166 1675 199 1723 et
225 1659 370 1751 antiquis
395 1659 615 1748 scriptoribus
642 1658 709 1723 sint
723 1660 974 1749 etsimpulones
993 1687 1119 1729 nomen
1145 1680 1178 1729 ct
1192 1687 1258 1753 ga-

164 1798 250 1839 neas
284 1775 408 1854 forma,
448 1792 516 1840 tum
556 1771 794 1840 alienissimum
834 1791 886 1840 est
919 1775 1123 1843 alatinitate
1159 1800 1258 1843 arma

166 1887 233 1954 dici
266 1913 332 1980 pro
358 1888 446 1954 telis.
498 1889 616 1979 ltaque
646 1905 681 1955 ut
717 1888 827 1955 dicam
863 1889 956 1982 quod
982 1891 1107 1956 sentio:
1151 1893 1258 1959 extitit

166 2001 303 2094 quidem
331 2002 434 2069 Sutrii
462 2002 601 2068 alicuius
623 2005 867 2071 Piscatoria
894 2005 1122 2072 comoedia
1151 2032 1258 2099 quae·

166 2114 259 2196 dem,
291 2141 392 2210 quum
426 2135 604 2207 usurparet
642 2115 860 2208 Fulgentius:
896 2143 966 2186 non
1000 2119 1061 2186 fuit
1082 2138 1194 2187 autem
1218 2145 1256 2187 ea
1329 2150 1335 2158 ·

163 2230 292 2319 priscae
318 2232 444 2311 aetatis,
472 2255 591 2299 rerum
615 2231 720 2299 medii
744 2233 827 2311 aeri,
852 2235 1157 2326 noncomparande
1180 2238 1256 2330 qni·

164 2342 243 2411 dem
269 2370 346 2414 cum
371 2343 581 2424 Philodoxio,
608 2345 707 2415 Falso
735 2348 921 2439 hypocrita,
947 2348 1142 2440 Philogenia
1159 2367 1192 2416 et
1210 2351 1256 2416 si-

163 2458 296 2530 milibus
322 2459 454 2537 sabulis,
481 2459 599 2553 quales
625 2461 763 2527 luerunt
790 2461 903 2529 Caroli
922 2462 1065 2544 Aretini,
1090 2466 1255 2531 ll‘lercurii

112 2613 124 2629 ι
160 2573 279 2643 Roaeii
313 2557 567 2651 Vercellensis‚
606 2574 740 2669 Vgolini
772 2579 976 2658 Parmensis,
1009 2577 1164 2646 aliorum:
1211 2578 1254 2653 de

162 2689 282 2780 quihus
313 2690 462 2757 breviter
493 2690 561 2757 dixi
593 2693 628 2757 in
652 2692 740 2757 Mus.
765 2693 870 2759 Rhen.
896 2691 1016 2786 philol.
1039 2693 1095 2770 lv,
1119 2717 1155 2783 p.
1185 2690 1256 2770 162

162 2802 219 2888 (cf.
248 2801 372 2873 Orellii
395 2805 501 2896 Epist.
525 2806 598 2875 crit.
621 2803 666 2873 ad
691 2805 837 2897 Madvig.
864 2832 898 2896 p.
916 2802 1057 2887 LXXl):
1085 2802 1146 2869 sed
1165 2804 1256 2871 eius-

161 2915 238 2985 dem
259 2917 334 2986 sore
360 2921 494 3011 generis
517 2939 617 3012 utque
644 2918 870 3001 Qucrolns.
898 2920 986 3012 Ergo
1012 2917 1143 2986 Sutrins
1169 2941 1256 3011 qno-

161 3057 228 3124 que
263 3032 320 3100 rel
356 3033 498 3101 Suetius
526 3032 556 3117 *)
596 3059 615 3099 a
646 3035 807 3101 Varronis
848 3034 958 3101 verbis
995 3031 1253 3125 segregrandus.

161 3146 289 3228 Quodsi
315 3165 437 3241 poetae
457 3171 584 3217 nomen
605 3149 641 3215 in
668 3147 733 3215 illis
759 3147 946 3214 litterarum
966 3147 1128 3239 vestigiis,
1166 3170 1253 3239 quac

160 3263 358 3342 tuntsuetu
382 3259 452 3346 (rel
477 3262 589 3352 potius
604 3258 715 3345 ficet),
740 3259 851 3341 lateat,
885 3259 1055 3328 lubentius
1082 3263 1181 3325 etiam
1208 3258 1253 3331 de

160 3372 241 3439 Sue
256 3376 319 3440 rio
347 3375 510 3466 cogitem,
550 3376 642 3442 cuius
668 3376 862 3443 Macrobius
889 3375 1084 3441 memoriam
1110 3375 1256 3441 servarit

160 3486 293 3559 Saturn.
320 3489 364 3569 H,
402 3485 457 3555 14.
486 3465 540 3558 l5'.
567 3491 625 3569 VI,
652 3494 682 3556 1.
709 3490 742 3555 5.
794 3489 844 3554 Ex
882 3488 1125 3580 antiquioribus
1166 3490 1254 3553 eninr

159 3600 249 3669 hunc
273 3603 384 3694 poetis
404 3627 500 3683 esse,
533 3627 653 3694 porum
678 3601 776 3695 vulgo
813 3603 1000 3696 cognitum,
1040 3600 1193 3696 neglecta
1217 3602 1255 3667 in

161 3716 250 3781 exitu
276 3716 517 3793 vocabulorum
541 3741 558 3783 s
585 3717 696 3785 littera
729 3720 838 3808 arguit
870 3717 909 3784 iis
947 3716 1129 3808 exemplis,
1168 3738 1254 3811 quae

159 3826 264 3895 habos
292 3830 326 3895 in
349 3831 552 3899 hexametris
566 3831 719 3899 versibus
744 3855 816 3898 non
839 3829 962 3899 leviter
987 3830 1176 3923 depravatis
1193 3829 1254 3899 Sa.-

208 4118 234 4178 0)
258 4112 383 4177 Sutrium,
402 4120 431 4166 'nt
448 4121 489 4166 eat
508 4116 535 4166 in
551 4114 745 4184 ilythologicis,
762 4114 851 4167 vocari
872 4115 950 4167 ctiam
972 4115 1001 4164 ia
1010 4111 1185 4179 &positionis
1206 4126 1254 4165 co-

259 4197 321 4251 dice
336 4198 458 4255 leidensi
476 4199 632 4256 umorem
652 4208 761 4255 mutatur
779 4216 806 4267 p.
817 4198 878 4264 tat,
898 4200 1090 4262 consuetiori,
1111 4198 1254 4266 quentar-

260 4301 329 4337 unm
352 4301 411 4343 tun
432 4295 501 4347 veti..
515 4285 573 4347 add
591 4287 726 4355 Scaliger,
746 4287 862 4351 Vossius,
881 4285 1034 4353 uuigorna·
1052 4286 1109 4336 Ver.
1127 4283 1196 4337 leot.
1210 4285 1254 4352 lV,

261 4365 304 4436 19,
313 4372 448 4425 Fabricius
462 4373 528 4426 Bibl.
538 4373 593 4437 lat,
612 4374 657 4424 alii
668 4380 768 4437 tenent,
786 4374 879 4439 partim
897 4372 930 4424 de
948 4370 1039 4423 eodem
1059 4378 1145 4438 pocta,
1160 4374 1254 4438 partin

259 4457 292 4510 de
311 4459 423 4513 dirersis
442 4462 596 4528 cogitantes.
622 4461 759 4513 Praeterea
778 4461 855 4509 etium
869 4459 970 4511 Suetius
987 4459 1138 4525 scripturam
1159 4462 1254 4511 Stare·

259 4560 341 4605 renus
357 4547 441 4603 affert.
462 4580 497 4595 ,-
528 4548 650 4605 Ceterum
673 4546 797 4601 urachio
818 4545 902 4614 Fulg..
922 4561 947 4615 p.
966 4545 1002 4600 68
1030 4546 1134 4599 Satrius
1158 4562 1252 4598 nomen

266 4649 281 4685 e
301 4635 414 4688 Carinae
433 4637 478 4700 lii,
498 4638 521 4700 l,
541 4635 574 4687 10
591 4635 678 4687 fictum
697 4633 816 4688 ridetur:
837 4633 906 4700 qnod
927 4649 977 4685 nou
998 4641 1038 4687 cst
1056 4631 1218 4686 incredibile.
