2820 5332
439 680 499 726 ΡΜ
511 681 562 726 V‘l'i
597 680 866 729 Ht'l'ssiil‘iiss'rliti'ss.
1129 657 1201 733 383

115 878 233 927 eorum
261 851 412 944 quidem,
436 858 496 947 qui
521 879 592 920 non
617 859 688 921 sint
712 853 918 928 tntiusmodi.
950 857 1025 924 Non
1051 876 1205 950 putamus

115 993 306 1062 quenquam
334 968 571 1047 dubitaturum,
598 974 680 1064 quin
706 997 806 1038 scena
831 973 938 1064 prima
964 972 1053 1040 iliius
1070 972 1204 1042 fabulae

116 1087 335 1179 significetur,
360 1086 395 1150 in
422 1112 487 1178 qua
513 1113 587 1162 cum
612 1107 768 1180 quattuol·
793 1089 972 1180 generibus
996 1089 1206 1182 simplicibus

116 1203 148 1267 h.
176 1228 204 1268 e.
228 1202 391 1278 iambico,
425 1203 622 1280 bacchiaco,
657 1205 801 1279 cretico,
836 1204 1022 1284 trochaico,
1045 1205 1066 1269 ii
1094 1230 1206 1274 versus

118 1319 284 1384 coniuncti
313 1335 407 1397 sunt,
438 1342 522 1409 qnos
550 1308 567 1383 a
596 1318 737 1385 Sisenna
762 1337 798 1385 ut
823 1318 956 1386 videtur
982 1344 1049 1386 non
1075 1318 1208 1387 intelic-

118 1451 186 1500 ctos
215 1435 422 1500 Hermaunus
449 1432 588 1500 demum
614 1433 716 1501 Elem.
743 1432 850 1506 doctr.
876 1451 971 1501 metr.
988 1417 1022 1526 p}
1037 1436 1118 1505 393.
1133 1432 1206 1506 459

118 1550 241 1640 partim
273 1550 490 1640 anapaesticis
525 1552 646 1641 partim
672 1549 823 1617 Sotadeis
857 1553 1003 1616 numeris
1036 1551 1208 1643 disposuit.

120 1666 272 1732 Creticus
297 1681 407 1729 autem
434 1681 467 1730 ct
492 1665 677 1731 trochaicus
702 1689 777 1730 cum
805 1664 894 1744 dico,
920 1690 990 1731 non
1019 1664 1096 1731 dico
1122 1665 1209 1742 illos,

119 1804 205 1870 quos
232 1779 273 1844 ad
301 1780 382 1846 hacc
409 1805 531 1873 genera
557 1779 805 1879 Lindemannus
829 1780 961 1848 rettulit
987 1807 1015 1846 v.
1030 1783 1077 1849 ‘25
1096 1781 1209 1876 (vulgo

122 1893 184 1979 22)
212 1920 300 1988 sqq„
326 1896 385 1988 qui
410 1897 524 1961 nescio
551 1921 593 1960 an
618 1896 665 1960 sic
691 1894 862 1962 scribendi
887 1898 968 1962 sint:

268 2005 392 2077 satidst
417 2035 470 2076 mc
495 2015 594 2104 queri
616 2006 675 2076 itto
701 2007 801 2077 modo'
822 2005 1036 2078 servitdtcm:

368 2131 428 2218 qui
451 2122 552 2193 hodic
569 2129 706 2213 fuerim
730 2121 829 2203 liber,

270 2236 344 2308 etim
370 2267 462 2308 nunc
483 2236 608 2336 potivit
630 2233 732 2335 pate'r
752 2237 939 2310 servittitis.

484 2359 540 2425 tic
564 2355 623 2450 qui
648 2382 755 2424 verna
777 2357 897 2424 na'tust
924 2352 1152 2448 conquiritur.

221 2474 293 2543 SO.
318 2499 392 2540 sum
418 2469 496 2540 vcro
521 2498 598 2539 vere
626 2468 782 2539 virbero:
818 2497 898 2538 nam
928 2466 1069 2538 ntimcro
1099 2475 1147 2536 mi
1174 2476 1212 2538 in

717 2584 865 2654 mentdm
879 2591 973 2676 fuit:

126 2705 186 2772 sed
215 2704 258 2771 de
286 2732 313 2771 v.
342 2704 389 2773 69
416 2701 493 2789 (64)
521 2730 595 2797 sqq.
621 2721 654 2770 ct
675 2709 743 2775 ii‘.)
761 2702 862 2789 (tot)
879 2729 954 2795 sqq.
974 2703 1093 2795 cogito
1121 2706 1214 2786 Quae

127 2823 153 2888 si
181 2838 273 2887 rccte
301 2819 468 2912 disputata
489 2837 575 2897 sunt,
603 2836 743 2912 apparet
767 2820 832 2883 iam
857 2820 1010 2911 proximo
1037 2837 1112 2909 post
1132 2842 1218 2910 poo-

126 2957 178 3003 tac
205 2954 345 3002 aetatem
371 2935 505 3001 sacculo
529 2959 648 3027 parum
673 2951 868 3026 perspectas
888 2958 1105 3002 numerorum
1116 2933 1216 3001 Plau-

128 3056 272 3120 tin01·um
297 3053 443 3117 rationes
469 3050 582 3115 fuisse.
611 3046 639 3134 *)

226 3165 288 3254 (6.)
316 3168 403 3233 Mira
431 3183 480 3232 cst
501 3166 571 3232 cius
598 3188 734 3258 quoque
760 3165 843 3232 ratio
859 3165 1046 3245 notationis,
1073 3190 1157 3257 quae
1173 3164 1218 3232 od

129 3286 286 3375 Captivos
311 3260 446 3374 spectat„
497 3282 535 3346 In
568 3308 632 3374 qua
665 3279 777 3346 sabula
810 3281 861 3346 tis
888 3282 1056 3372 reperitur
1075 3297 1220 3348 ornatus

127 3398 335 3477 vocabulum,
363 3399 405 3477 II,
432 3397 465 3475 3,
490 3398 554 3466 87:

227 3509 261 3580 dt
287 3531 346 3578 toa
371 3529 404 3578 et
428 3529 489 3577 tua
511 3505 575 3577 lnic
598 3528 742 3577 ornatus
764 3505 938 3576 rc'vcniam
963 3535 1008 3578 cx
1025 3505 1217 3578 sentdtttia:

133 3649 166 3697 ct
190 3632 232 3709 V,
260 3630 293 3709 3,
321 3630 386 3696 ‘202

223 3741 285 3811 sc'd
309 3760 436 3819 cocum,
459 3740 589 3808 incedit
610 3735 676 3808 ltu'c
701 3758 846 3808 ornatus
871 3737 965 3808 tan'd
989 3767 1034 3809 cx
1054 3747 1125 3808 suis
1151 3748 1218 3810 vir-

726 3852 861 3922 tu'tibus.
888 3880 891 3884 ’

133 3976 220 4061 Quid
248 3994 354 4041 autem
383 3977 448 4042 hoc
473 3999 545 4041 esse
572 3973 739 4052 dicamus,
777 3972 888 4066 quod,
916 3999 991 4038 cum
1016 3975 1163 4039 abiectae
1186 3974 1220 4038 in

133 4093 197 4157 fine
213 4090 448 4156 vocabulorum
476 4117 495 4158 s
520 4089 649 4156 litterae
676 4107 824 4155 sescenta
841 4088 931 4180 apud
943 4088 1092 4155 Plautum
1111 4115 1222 4154 cuem-

142 4256 372 4268 Μ...-

185 4343 212 4408 “)
239 4341 341 4405 „veter
357 4342 402 4391 das
422 4344 535 4409 quintum
556 4359 635 4410 penus
663 4343 739 4393 metri
763 4342 798 4392 int
815 4341 966 4407 Amphitruo
993 4341 1058 4393 wint
1076 4341 1131 4393 sich
1151 4342 1221 4394 wohl

240 4427 324 4478 nichts
341 4430 496 4481 ausmachcn
517 4429 621 4492 tasson,
649 4428 682 4480 da
708 4429 750 4480 dic
773 4429 937 4495 Bemcrkung
963 4429 1019 4480 sich
1036 4429 1083 4481 sut
1100 4430 1159 4481 cius
1177 4429 1224 4482 det·

238 4512 359 4566 vcrlurcn
378 4531 551 4583 gogaugcncu
571 4517 672 4568 Sccncn
690 4516 817 4567 boziehcn
837 4516 942 4567 konntc.
984 4516 1084 4568 Bctntn
1102 4517 1142 4568 sic
1160 4517 1223 4569 uber

236 4604 296 4653 oinc
316 4601 364 4652 der
379 4602 447 4654 noch
468 4602 661 4668 vorhandoucn
679 4619 708 4655 so
722 4611 832 4655 erwartc
849 4603 890 4653 icti
902 4612 954 4655 eret
967 4605 1009 4657 dio
1022 4606 1129 4675 notingo
1140 4606 1223 4659 haud-

237 4689 397 4741 schriittiche
416 4689 519 4741 nultos
538 4689 622 4743 Verba
638 4699 699 4743 sunt
718 4689 834 4742 eiusdem
853 4691 998 4751 [lantoni.
