2820 5332
454 658 594 728 isaurus
622 683 860 728 rstcrrtlrtr.
1115 662 1187 735 595

105 877 175 922 nou
200 853 243 921 sit
266 849 422 948 dignum,
447 871 515 919 tum
541 878 587 920 ne
614 876 681 921 uno
707 853 845 947 quidem
872 854 1025 948 exemplo
1053 855 1185 925 ostendi

105 969 235 1046 potest,
259 953 339 1023 tales
365 973 513 1044 unquam
538 978 654 1021 versus
679 979 698 1019 a
723 955 999 1045 posterioris
1024 957 1184 1023 aetatis

104 1069 239 1137 homine
271 1069 372 1137 factos
400 1093 490 1135 esse:
528 1092 612 1160 quos
638 1072 845 1161 quantumvis
871 1068 1015 1150 vellent,
1047 1070 1185 1163 pridem

107 1181 350 1251 dedidicissent
373 1183 494 1249 lucere.
533 1182 675 1253 Accedit
702 1198 919 1253 externorum
941 1186 989 1251 ris
1014 1210 1186 1279 srgumeu·

106 1316 225 1369 torum.
274 1301 326 1366 Ac
351 1294 394 1364 da
431 1296 547 1366 fraude
582 1297 707 1392 Guyeti
738 1324 802 1369 nec
835 1298 1003 1369 debuerat
1032 1298 1185 1394 plurimis

107 1415 150 1485 de
177 1414 508 1485 caussisssrauertus
531 1441 565 1508 p.
589 1418 660 1485 203
687 1419 850 1510 cogitare,
883 1443 921 1485 ac
947 1416 1049 1484 multo
1077 1419 1184 1481 minus

108 1530 245 1624 cogitari
269 1554 359 1599 nunc
384 1547 505 1623 potest.
571 1532 757 1599 Commode
786 1535 900 1612 enim,
932 1531 1022 1625 quod
1058 1530 1186 1597 addita·

105 1664 256 1719 ruentum
282 1647 444 1732 fortusse
471 1670 489 1715 e
523 1661 635 1713 vetere
672 1644 818 1713 editione
852 1645 997 1738 quadam
1035 1646 1184 1739 Guyetus

105 1763 290 1854 petierat,
307 1761 511 1854 (quanquam
536 1785 580 1829 ne
609 1761 679 1827 eius
705 1759 843 1854 quidem
870 1762 941 1843 rei,
972 1760 1066 1854 quod
1090 1770 1184 1829 recto

107 1896 341 1969 comparetur,
367 1875 475 1943 simile
504 1874 694 1968 exemplum
720 1878 901 1943 Grauertus
926 1874 1066 1960 acutia)
1094 1901 1183 1943 rrunc

104 1991 233 2086 prodiit
258 2017 276 2059 c
300 1991 431 2061 duobus
453 2015 529 2060 mss.
555 1990 650 2058 libris
675 1993 751 2058 satis
776 1993 929 2084 antiquis.
962 1990 1057 2058 Idem
1074 2000 1183 2060 autam

105 2105 286 2201 quoduec
310 2109 344 2174 iu
370 2109 595 2177 vetustissimis
621 2105 734 2173 ltaliae
762 2105 935 2175 codicibus
958 2125 1062 2174 exstat
1085 2110 1184 2175 Bem-

104 2221 198 2304 bino,
223 2221 418 2306 Basilicauo,
440 2223 622 2302 Vaticanis,
644 2223 881 2301 Ambrosiauo,
907 2247 972 2291 nec
996 2225 1032 2289 iu
1058 2224 1180 2291 ceteris

104 2340 236 2420 Faerni,
257 2338 397 2420 Bentlei,
421 2335 632 2432 reliquorum
657 2335 835 2417 editorum,
861 2336 912 2402 vcl
935 2339 969 2403 in
995 2336 1063 2405 ullo
1082 2364 1182 2430 pruc-

107 2471 197 2518 tereu
222 2450 494 2520 Germanicarum
512 2450 793 2519 bibliothecarum
809 2447 895 2516 libro
923 2449 1101 2517 videtur
1125 2477 1183 2519 ex·

104 2583 211 2650 stare,
248 2567 287 2635 id
320 2567 550 2648 memorabili,
587 2566 647 2633 sed
668 2564 766 2634 valde
793 2589 870 2633 raro
896 2563 1097 2637 documento
1123 2585 1183 2648 est,

106 2708 174 2752 uon
199 2707 440 2778 usquequaque
466 2683 565 2750 iniis
590 2681 708 2760 libris,
741 2691 825 2776 quos
852 2683 986 2749 omuino
1012 2701 1184 2774 praestan·

40 2813 43 2820 '
107 2802 250 2870 tissimus
275 2801 588 2895 antiquissimasque
615 2800 789 2891 cognoris,
815 2797 918 2865 [idem
945 2822 1084 2865 omnem.
1101 2801 1184 2866 scri·

105 2919 212 3009 ptoris
239 2917 400 3010 cuiusque
427 2917 601 2993 contineri,
627 2913 686 2980 sed
704 2936 943 3006 nonnunquam
966 2916 1064 2980 etium
1078 2915 1112 2979 iu
1133 2917 1185 2981 in·

106 3032 238 3101 ferioris
269 3051 368 3101 notae
405 3030 575 3100 codicibus
604 3049 637 3097 ct
662 3053 804 3122 quorum
836 3028 909 3097 lere
944 3027 1054 3096 nullus
1085 3054 1185 3122 prae-

107 3167 197 3217 tcrea
223 3173 308 3228 usus,
335 3146 514 3242 singularia
532 3143 695 3240 quaedam
709 3145 866 3236 reperiri,
893 3145 1013 3236 quibus
1040 3148 1203 3238 optimo-¹

106 3291 181 3334 rum
206 3266 365 3333 memoria
381 3266 522 3337 «testium
538 3259 677 3335 notabili
694 3262 821 3328 ratione
844 3259 1049 3353 suppleatur.
1073 3263 1186 3344 Quan-

107 3407 206 3476 quam
231 3380 281 3447 illi
305 3383 370 3473 ipsi
397 3380 529 3447 codices
557 3375 636 3444 olim
649 3374 947 3468 Norimbergenses
970 3377 1084 3470 quanti
1110 3377 1184 3456 sint,

99 3496 216 3571 ‚adhuc
241 3520 360 3590 purum
384 3498 557 3565 novimus:
583 3515 694 3585 neque
724 3495 813 3559 enim
839 3518 857 3559 e
879 3493 1005 3585 paucis,
1031 3516 1114 3586 quas
1130 3490 1184 3559 vel

106 3615 252 3681 Murrius
279 3611 332 3681 vel
358 3609 585 3679 Doederlinus
610 3607 803 3694 attuleruut,
836 3610 1011 3699 scripturis
1046 3609 1122 3673 sutis
1148 3632 1188 3671 ca

105 3729 148 3796 de
169 3755 208 3797 re
234 3729 392 3801 iudicare,
407 3726 494 3795 licet.
544 3724 785 3821 Progredimur
808 3738 916 3789 autem
942 3745 1031 3787 nunc
1056 3719 1100 3785 ad
1126 3744 1184 3786 au·

106 3845 228 3936 tiquius
254 3848 352 3915 etiam
376 3843 444 3913 illis
468 3842 640 3912 codicibus
666 3837 903 3914 testimouium,
930 3833 1023 3926 quod
1049 3851 1101 3901 est
1118 3836 1188 3903 llo·

106 3959 184 4029 uati.
236 3961 318 4027 Eum
353 3963 443 4029 enim
473 3961 508 4027 in
540 3974 636 4051 parte
665 3969 757 4022 certe
782 3973 920 4019 suorum
946 3947 1187 4043 exemplarium

106 4073 239 4167 legisse,
265 4097 349 4168 quos
374 4064 466 4145 nonu
490 4069 531 4140 in¹
548 4073 660 4139 lucem
674 4084 859 4161 protractos
881 4089 996 4132 versus
1010 4064 1185 4145 babemus,

103 4187 297 4284 planissime
329 4213 371 4257 ex
402 4190 465 4258 hac
489 4187 701 4255 annotatione
734 4198 896 4276 apparet,
931 4204 1031 4272 quam
1065 4178 1189 4247 mnam

109 4323 161 4374 est
183 4306 331 4400 priorum
363 4305 528 4373 editorum
563 4299 687 4369 nullius
721 4301 867 4365 antimum
900 4294 1094 4363 advertisse:
1132 4294 1188 4364 Ht'

108 4444 350 4515 verrucaeque
371 4419 419 4487 ud
448 4421 565 4495 ultan,
599 4432 780 4508 gnatam
804 4409 893 4480 atti
918 4433 1052 4479 rosum
1073 4406 1189 4478 Plti·

107 4537 318 4604 lumenam
342 4559 528 4614 uxorem,
551 4548 727 4624 negantur·
753 4530 909 4599 Terentii
920 4551 1008 4604 esse,
1033 4523 1121 4595 adeo
1135 4539 1185 4593 att

106 4656 147 4721 in
184 4652 338 4745 pluribus
373 4649 621 4742 exemplaribus
657 4647 754 4715 bonis
792 4668 864 4713 nou
888 4647 1072 4731 ferantur.
1128 4639 1185 4711 Sta
