<?xml version="1.0" encoding="UTF-8"?>
<!DOCTYPE html PUBLIC "-//W3C//DTD XHTML 1.0 Transitional//EN"
    "http://www.w3.org/TR/xhtml1/DTD/xhtml1-transitional.dtd">
<html xmlns="http://www.w3.org/1999/xhtml" xml:lang="en" lang="en">
 <head>
  <title>
</title>
<meta http-equiv="Content-Type" content="text/html;charset=utf-8" />
  <meta name='ocr-system' content='tesseract 3.04.00' />
  <meta name='ocr-capabilities' content='ocr_page ocr_carea ocr_par ocr_line ocrx_word'/>
</head>
<body>
  <div class='ocr_page' id='page_1' title='image "./parergonplautin01ritsgoog_0510.png"; bbox 0 0 2820 5332; ppageno 0'>
   <div class='ocr_carea' id='block_1_1' title="bbox 396 685 1164 757">
    <p class='ocr_par' dir='ltr' id='par_1_1' title="bbox 396 685 1164 757">
     <span class='ocr_line' id='line_1_1' title="bbox 396 685 1164 757; baseline 0.007 -6"><span class='ocrx_word' id='word_1_1' title='bbox 396 708 643 752; x_wconf 74' lang='lat' dir='ltr'>rossemanne</span> <span class='ocrx_word' id='word_1_2' title='bbox 670 709 861 754; x_wconf 79' lang='lat' dir='ltr'>antrrtntn.</span> <span class='ocrx_word' id='word_1_3' title='bbox 1092 685 1164 757; x_wconf 78' lang='grc'>469</span> 
     </span>
    </p>
   </div>
   <div class='ocr_carea' id='block_1_2' title="bbox 81 889 1166 4328">
    <p class='ocr_par' dir='ltr' id='par_1_2' title="bbox 81 889 1165 1076">
     <span class='ocr_line' id='line_1_2' title="bbox 86 889 1165 986; baseline 0.002 -31"><span class='ocrx_word' id='word_1_4' title='bbox 86 914 175 956; x_wconf 90' lang='lat' dir='ltr'>nunc</span> <span class='ocrx_word' id='word_1_5' title='bbox 207 889 359 983; x_wconf 87' lang='lat' dir='ltr'>pluribus</span> <span class='ocrx_word' id='word_1_6' title='bbox 391 893 562 986; x_wconf 76' lang='lat' dir='ltr'><strong>persequi.</strong></span> <span class='ocrx_word' id='word_1_7' title='bbox 620 891 691 958; x_wconf 83' lang='lat' dir='ltr'>Nec</span> <span class='ocrx_word' id='word_1_8' title='bbox 713 917 793 959; x_wconf 86' lang='lat' dir='ltr'>vero</span> <span class='ocrx_word' id='word_1_9' title='bbox 817 895 844 958; x_wconf 90' lang='lat' dir='ltr'>is</span> <span class='ocrx_word' id='word_1_10' title='bbox 871 921 889 960; x_wconf 88' lang='lat' dir='ltr'>a</span> <span class='ocrx_word' id='word_1_11' title='bbox 916 917 982 986; x_wconf 91' lang='lat' dir='ltr'>quo</span> <span class='ocrx_word' id='word_1_12' title='bbox 1014 895 1165 984; x_wconf 85' lang='lat' dir='ltr'>proxima</span> 
     </span>
     <span class='ocr_line' id='line_1_3' title="bbox 81 1009 474 1076; baseline 0.01 -5"><span class='ocrx_word' id='word_1_13' title='bbox 81 1031 179 1072; x_wconf 88' lang='lat' dir='ltr'>scena</span> <span class='ocrx_word' id='word_1_14' title='bbox 204 1032 301 1074; x_wconf 86' lang='lat' dir='ltr'>versu</span> <span class='ocrx_word' id='word_1_15' title='bbox 325 1009 474 1076; x_wconf 87' lang='lat' dir='ltr'>orditur:</span> 
     </span>
    </p>

    <p class='ocr_par' dir='ltr' id='par_1_3' title="bbox 187 1122 1164 1214">
     <span class='ocr_line' id='line_1_4' title="bbox 187 1122 1164 1214; baseline 0.001 -26"><span class='ocrx_word' id='word_1_16' title='bbox 187 1124 255 1214; x_wconf 82' lang='lat' dir='ltr'>Qui</span> <span class='ocrx_word' id='word_1_17' title='bbox 275 1125 375 1190; x_wconf 79' lang='lat' dir='ltr'>bomo</span> <span class='ocrx_word' id='word_1_18' title='bbox 401 1123 537 1191; x_wconf 72' lang='lat' dir='ltr'>timidam</span> <span class='ocrx_word' id='word_1_19' title='bbox 559 1127 625 1189; x_wconf 86' lang='lat' dir='ltr'>erit</span> <span class='ocrx_word' id='word_1_20' title='bbox 648 1127 685 1187; x_wconf 85' lang='lat' dir='ltr'>t‘n</span> <span class='ocrx_word' id='word_1_21' title='bbox 710 1122 809 1189; x_wconf 80' lang='lat' dir='ltr'>rebus</span> <span class='ocrx_word' id='word_1_22' title='bbox 834 1123 954 1207; x_wconf 81' lang='lat' dir='ltr'>dubiis,</span> <span class='ocrx_word' id='word_1_23' title='bbox 976 1130 1080 1190; x_wconf 84' lang='lat' dir='ltr'>rtattcr&#39;</span> <span class='ocrx_word' id='word_1_24' title='bbox 1093 1150 1164 1189; x_wconf 84' lang='lat' dir='ltr'>non</span> 
     </span>
    </p>

    <p class='ocr_par' dir='ltr' id='par_1_4' title="bbox 574 1243 662 1314">
     <span class='ocr_line' id='line_1_5' title="bbox 574 1243 662 1314; baseline -0.034 -9"><span class='ocrx_word' id='word_1_25' title='bbox 574 1243 662 1314; x_wconf 57' lang='lat' dir='ltr'>erut,</span> 
     </span>
    </p>

    <p class='ocr_par' dir='ltr' id='par_1_5' title="bbox 83 1354 1166 2369">
     <span class='ocr_line' id='line_1_6' title="bbox 84 1354 1165 1448; baseline 0.001 -29"><span class='ocrx_word' id='word_1_26' title='bbox 84 1356 209 1447; x_wconf 81' lang='lat' dir='ltr'>quippe</span> <span class='ocrx_word' id='word_1_27' title='bbox 236 1357 271 1420; x_wconf 89' lang='lat' dir='ltr'>in</span> <span class='ocrx_word' id='word_1_28' title='bbox 300 1354 419 1422; x_wconf 86' lang='lat' dir='ltr'>eadem</span> <span class='ocrx_word' id='word_1_29' title='bbox 444 1358 478 1420; x_wconf 89' lang='lat' dir='ltr'>in</span> <span class='ocrx_word' id='word_1_30' title='bbox 505 1380 570 1448; x_wconf 88' lang='lat' dir='ltr'>qua</span> <span class='ocrx_word' id='word_1_31' title='bbox 604 1381 771 1421; x_wconf 78' lang='lat' dir='ltr'><strong>versamur</strong></span> <span class='ocrx_word' id='word_1_32' title='bbox 808 1356 1018 1421; x_wconf 82' lang='lat' dir='ltr'>Ambrosiani</span> <span class='ocrx_word' id='word_1_33' title='bbox 1045 1357 1165 1447; x_wconf 78' lang='lat' dir='ltr'>pagina</span> 
     </span>
     <span class='ocr_line' id='line_1_7' title="bbox 83 1467 1163 1561; baseline 0.002 -28"><span class='ocrx_word' id='word_1_34' title='bbox 83 1467 234 1535; x_wconf 91' lang='lat' dir='ltr'>ultimum</span> <span class='ocrx_word' id='word_1_35' title='bbox 260 1468 371 1537; x_wconf 90' lang='lat' dir='ltr'>locum</span> <span class='ocrx_word' id='word_1_36' title='bbox 398 1469 561 1549; x_wconf 86' lang='lat' dir='ltr'>obtinens,</span> <span class='ocrx_word' id='word_1_37' title='bbox 589 1472 657 1535; x_wconf 89' lang='lat' dir='ltr'>eius</span> <span class='ocrx_word' id='word_1_38' title='bbox 684 1494 802 1535; x_wconf 81' lang='lat' dir='ltr'><strong>scenae</strong></span> <span class='ocrx_word' id='word_1_39' title='bbox 825 1493 893 1536; x_wconf 88' lang='lat' dir='ltr'>non</span> <span class='ocrx_word' id='word_1_40' title='bbox 918 1468 1018 1534; x_wconf 87' lang='lat' dir='ltr'>fuisse</span> <span class='ocrx_word' id='word_1_41' title='bbox 1038 1471 1163 1561; x_wconf 88' lang='lat' dir='ltr'>primus</span> 
     </span>
     <span class='ocr_line' id='line_1_8' title="bbox 84 1583 1166 1678; baseline 0 -28"><span class='ocrx_word' id='word_1_42' title='bbox 84 1583 226 1652; x_wconf 88' lang='lat' dir='ltr'>videtur.</span> <span class='ocrx_word' id='word_1_43' title='bbox 290 1587 446 1678; x_wconf 88' lang='lat' dir='ltr'>Denique</span> <span class='ocrx_word' id='word_1_44' title='bbox 478 1611 521 1651; x_wconf 92' lang='lat' dir='ltr'>ne</span> <span class='ocrx_word' id='word_1_45' title='bbox 548 1587 708 1678; x_wconf 87' lang='lat' dir='ltr'>integram</span> <span class='ocrx_word' id='word_1_46' title='bbox 740 1584 877 1677; x_wconf 91' lang='lat' dir='ltr'>quidem</span> <span class='ocrx_word' id='word_1_47' title='bbox 912 1610 1043 1651; x_wconf 90' lang='lat' dir='ltr'>scenam</span> <span class='ocrx_word' id='word_1_48' title='bbox 1078 1587 1166 1650; x_wconf 87' lang='lat' dir='ltr'>inter</span> 
     </span>
     <span class='ocr_line' id='line_1_9' title="bbox 84 1699 1163 1785; baseline 0.001 -21"><span class='ocrx_word' id='word_1_49' title='bbox 84 1703 175 1780; x_wconf 84' lang='lat' dir='ltr'>lv,3</span> <span class='ocrx_word' id='word_1_50' title='bbox 200 1720 233 1767; x_wconf 91' lang='lat' dir='ltr'>et</span> <span class='ocrx_word' id='word_1_51' title='bbox 244 1702 313 1781; x_wconf 84' lang='lat' dir='ltr'>V,1</span> <span class='ocrx_word' id='word_1_52' title='bbox 340 1700 501 1766; x_wconf 80' lang='lat' dir='ltr'>excidisse</span> <span class='ocrx_word' id='word_1_53' title='bbox 525 1700 591 1767; x_wconf 92' lang='lat' dir='ltr'>ullo</span> <span class='ocrx_word' id='word_1_54' title='bbox 617 1699 715 1766; x_wconf 90' lang='lat' dir='ltr'>modo</span> <span class='ocrx_word' id='word_1_55' title='bbox 742 1701 808 1764; x_wconf 85' lang='lat' dir='ltr'>veri</span> <span class='ocrx_word' id='word_1_56' title='bbox 837 1717 886 1766; x_wconf 89' lang='lat' dir='ltr'>est</span> <span class='ocrx_word' id='word_1_57' title='bbox 912 1699 1027 1766; x_wconf 87' lang='lat' dir='ltr'>simile.</span> <span class='ocrx_word' id='word_1_58' title='bbox 1065 1699 1163 1785; x_wconf 84' lang='lat' dir='ltr'>Quod</span> 
     </span>
     <span class='ocr_line' id='line_1_10' title="bbox 83 1813 1163 1908; baseline 0 -28"><span class='ocrx_word' id='word_1_59' title='bbox 83 1817 126 1880; x_wconf 85' lang='lat' dir='ltr'>ita</span> <span class='ocrx_word' id='word_1_60' title='bbox 154 1842 225 1882; x_wconf 87' lang='lat' dir='ltr'>esse</span> <span class='ocrx_word' id='word_1_61' title='bbox 251 1814 346 1882; x_wconf 80' lang='lat' dir='ltr'>facile</span> <span class='ocrx_word' id='word_1_62' title='bbox 373 1815 561 1908; x_wconf 76' lang='lat' dir='ltr'>intelliges,</span> <span class='ocrx_word' id='word_1_63' title='bbox 597 1817 623 1880; x_wconf 89' lang='lat' dir='ltr'>si</span> <span class='ocrx_word' id='word_1_64' title='bbox 657 1813 798 1907; x_wconf 85' lang='lat' dir='ltr'>singulas</span> <span class='ocrx_word' id='word_1_65' title='bbox 831 1814 962 1882; x_wconf 80' lang='lat' dir='ltr'>fabulae</span> <span class='ocrx_word' id='word_1_66' title='bbox 995 1840 1163 1907; x_wconf 82' lang='lat' dir='ltr'>personas,</span> 
     </span>
     <span class='ocr_line' id='line_1_11' title="bbox 87 1928 1163 2024; baseline -0.002 -29"><span class='ocrx_word' id='word_1_67' title='bbox 87 1929 168 2022; x_wconf 88' lang='lat' dir='ltr'>quid</span> <span class='ocrx_word' id='word_1_68' title='bbox 194 1929 246 1996; x_wconf 87' lang='lat' dir='ltr'>rel</span> <span class='ocrx_word' id='word_1_69' title='bbox 273 1931 400 2022; x_wconf 84' lang='lat' dir='ltr'>egerint</span> <span class='ocrx_word' id='word_1_70' title='bbox 424 1929 474 1996; x_wconf 89' lang='lat' dir='ltr'>vel</span> <span class='ocrx_word' id='word_1_71' title='bbox 502 1956 589 1997; x_wconf 90' lang='lat' dir='ltr'>nunc</span> <span class='ocrx_word' id='word_1_72' title='bbox 615 1955 715 2024; x_wconf 85' lang='lat' dir='ltr'>agere</span> <span class='ocrx_word' id='word_1_73' title='bbox 730 1931 866 2021; x_wconf 80' lang='lat' dir='ltr'>possint,</span> <span class='ocrx_word' id='word_1_74' title='bbox 893 1928 1163 2021; x_wconf 81' lang='lat' dir='ltr'>perlustraveris3</span> 
     </span>
     <span class='ocr_line' id='line_1_12' title="bbox 84 2043 1161 2137; baseline 0 -29"><span class='ocrx_word' id='word_1_75' title='bbox 84 2070 149 2110; x_wconf 87' lang='lat' dir='ltr'>nec</span> <span class='ocrx_word' id='word_1_76' title='bbox 177 2045 265 2110; x_wconf 89' lang='lat' dir='ltr'>enim</span> <span class='ocrx_word' id='word_1_77' title='bbox 291 2045 470 2136; x_wconf 89' lang='lat' dir='ltr'>quicquam</span> <span class='ocrx_word' id='word_1_78' title='bbox 495 2045 661 2137; x_wconf 87' lang='lat' dir='ltr'>reliquum</span> <span class='ocrx_word' id='word_1_79' title='bbox 688 2062 746 2123; x_wconf 92' lang='lat' dir='ltr'>est,</span> <span class='ocrx_word' id='word_1_80' title='bbox 773 2043 865 2136; x_wconf 90' lang='lat' dir='ltr'>quod</span> <span class='ocrx_word' id='word_1_81' title='bbox 891 2043 941 2110; x_wconf 82' lang='lat' dir='ltr'>rel</span> <span class='ocrx_word' id='word_1_82' title='bbox 969 2046 1161 2136; x_wconf 89' lang='lat' dir='ltr'>Theuropi-</span> 
     </span>
     <span class='ocr_line' id='line_1_13' title="bbox 83 2158 1163 2252; baseline 0.002 -29"><span class='ocrx_word' id='word_1_83' title='bbox 83 2158 142 2224; x_wconf 90' lang='lat' dir='ltr'>des</span> <span class='ocrx_word' id='word_1_84' title='bbox 176 2159 327 2226; x_wconf 89' lang='lat' dir='ltr'>nondum</span> <span class='ocrx_word' id='word_1_85' title='bbox 358 2162 579 2252; x_wconf 86' lang='lat' dir='ltr'>compererit,</span> <span class='ocrx_word' id='word_1_86' title='bbox 618 2159 670 2227; x_wconf 88' lang='lat' dir='ltr'>vel</span> <span class='ocrx_word' id='word_1_87' title='bbox 696 2159 738 2226; x_wconf 89' lang='lat' dir='ltr'>ad</span> <span class='ocrx_word' id='word_1_88' title='bbox 770 2185 884 2225; x_wconf 90' lang='lat' dir='ltr'>rerum</span> <span class='ocrx_word' id='word_1_89' title='bbox 914 2186 997 2251; x_wconf 87' lang='lat' dir='ltr'>quae</span> <span class='ocrx_word' id='word_1_90' title='bbox 1023 2179 1163 2252; x_wconf 84' lang='lat' dir='ltr'>agamur</span> 
     </span>
     <span class='ocr_line' id='line_1_14' title="bbox 88 2275 906 2369; baseline 0 -29"><span class='ocrx_word' id='word_1_91' title='bbox 88 2275 238 2341; x_wconf 81' lang='lat' dir='ltr'>ordinem</span> <span class='ocrx_word' id='word_1_92' title='bbox 266 2277 552 2369; x_wconf 84' lang='lat' dir='ltr'>integritatemque</span> <span class='ocrx_word' id='word_1_93' title='bbox 578 2301 638 2344; x_wconf 90' lang='lat' dir='ltr'>nos</span> <span class='ocrx_word' id='word_1_94' title='bbox 665 2275 906 2343; x_wconf 87' lang='lat' dir='ltr'>desideremus.</span> 
     </span>
    </p>

    <p class='ocr_par' dir='ltr' id='par_1_6' title="bbox 83 2389 1164 4072">
     <span class='ocr_line' id='line_1_15' title="bbox 206 2389 1162 2485; baseline 0 -29"><span class='ocrx_word' id='word_1_95' title='bbox 206 2393 233 2456; x_wconf 86' lang='lat' dir='ltr'>E</span> <span class='ocrx_word' id='word_1_96' title='bbox 260 2409 308 2459; x_wconf 85' lang='lat' dir='ltr'>tot</span> <span class='ocrx_word' id='word_1_97' title='bbox 339 2393 438 2485; x_wconf 84' lang='lat' dir='ltr'>igitur</span> <span class='ocrx_word' id='word_1_98' title='bbox 472 2395 636 2484; x_wconf 87' lang='lat' dir='ltr'>tantisque</span> <span class='ocrx_word' id='word_1_99' title='bbox 672 2391 933 2457; x_wconf 80' lang='lat' dir='ltr'>dubitationibus</span> <span class='ocrx_word' id='word_1_100' title='bbox 965 2414 1070 2481; x_wconf 89' lang='lat' dir='ltr'>ecquo</span> <span class='ocrx_word' id='word_1_101' title='bbox 1098 2389 1162 2456; x_wconf 88' lang='lat' dir='ltr'>alio</span> 
     </span>
     <span class='ocr_line' id='line_1_16' title="bbox 86 2506 1164 2601; baseline -0.003 -30"><span class='ocrx_word' id='word_1_102' title='bbox 86 2506 184 2575; x_wconf 89' lang='lat' dir='ltr'>modo</span> <span class='ocrx_word' id='word_1_103' title='bbox 213 2533 429 2601; x_wconf 80' lang='lat' dir='ltr'>emergemus‚</span> <span class='ocrx_word' id='word_1_104' title='bbox 455 2507 520 2573; x_wconf 91' lang='lat' dir='ltr'>nisi</span> <span class='ocrx_word' id='word_1_105' title='bbox 547 2525 580 2572; x_wconf 85' lang='lat' dir='ltr'>ut</span> <span class='ocrx_word' id='word_1_106' title='bbox 606 2509 673 2572; x_wconf 90' lang='lat' dir='ltr'>eius</span> <span class='ocrx_word' id='word_1_107' title='bbox 700 2507 780 2586; x_wconf 82' lang='lat' dir='ltr'>riae,</span> <span class='ocrx_word' id='word_1_108' title='bbox 804 2508 896 2572; x_wconf 89' lang='lat' dir='ltr'>cuius</span> <span class='ocrx_word' id='word_1_109' title='bbox 921 2507 1018 2572; x_wconf 90' lang='lat' dir='ltr'>nobis</span> <span class='ocrx_word' id='word_1_110' title='bbox 1045 2507 1164 2572; x_wconf 88' lang='lat' dir='ltr'>verita-</span> 
     </span>
     <span class='ocr_line' id='line_1_17' title="bbox 86 2620 1164 2717; baseline -0.002 -31"><span class='ocrx_word' id='word_1_111' title='bbox 86 2638 150 2687; x_wconf 91' lang='lat' dir='ltr'>tem</span> <span class='ocrx_word' id='word_1_112' title='bbox 178 2625 474 2714; x_wconf 81' lang='lat' dir='ltr'>necessitatemque</span> <span class='ocrx_word' id='word_1_113' title='bbox 501 2646 637 2715; x_wconf 90' lang='lat' dir='ltr'>prorsus</span> <span class='ocrx_word' id='word_1_114' title='bbox 662 2624 945 2714; x_wconf 86' lang='lat' dir='ltr'>persuaserimus,</span> <span class='ocrx_word' id='word_1_115' title='bbox 974 2620 1164 2717; x_wconf 68' lang='lat' dir='ltr'>esemplum</span> 
     </span>
     <span class='ocr_line' id='line_1_18' title="bbox 87 2737 1163 2827; baseline 0 -27"><span class='ocrx_word' id='word_1_116' title='bbox 87 2738 331 2827; x_wconf 80' lang='lat' dir='ltr'>proponamus?</span> <span class='ocrx_word' id='word_1_117' title='bbox 382 2737 608 2803; x_wconf 88' lang='lat' dir='ltr'>Certissimum</span> <span class='ocrx_word' id='word_1_118' title='bbox 634 2739 720 2802; x_wconf 90' lang='lat' dir='ltr'>enim</span> <span class='ocrx_word' id='word_1_119' title='bbox 745 2762 814 2802; x_wconf 87' lang='lat' dir='ltr'>esse</span> <span class='ocrx_word' id='word_1_120' title='bbox 842 2737 1081 2813; x_wconf 88' lang='lat' dir='ltr'>existimamus,</span> <span class='ocrx_word' id='word_1_121' title='bbox 1107 2761 1163 2800; x_wconf 88' lang='lat' dir='ltr'>cos</span> 
     </span>
     <span class='ocr_line' id='line_1_19' title="bbox 85 2850 1162 2944; baseline -0.002 -28"><span class='ocrx_word' id='word_1_122' title='bbox 85 2854 142 2944; x_wconf 90' lang='lat' dir='ltr'>qui</span> <span class='ocrx_word' id='word_1_123' title='bbox 169 2853 255 2920; x_wconf 87' lang='lat' dir='ltr'>circa</span> <span class='ocrx_word' id='word_1_124' title='bbox 283 2854 339 2930; x_wconf 85' lang='lat' dir='ltr'>IV,</span> <span class='ocrx_word' id='word_1_125' title='bbox 366 2853 398 2933; x_wconf 85' lang='lat'>3,</span> <span class='ocrx_word' id='word_1_126' title='bbox 421 2853 468 2921; x_wconf 73' lang='lat'>32</span> <span class='ocrx_word' id='word_1_127' title='bbox 490 2851 731 2930; x_wconf 84' lang='lat' dir='ltr'>interciderint,</span> <span class='ocrx_word' id='word_1_128' title='bbox 756 2875 868 2916; x_wconf 83' lang='lat' dir='ltr'>versus</span> <span class='ocrx_word' id='word_1_129' title='bbox 894 2850 1025 2916; x_wconf 86' lang='lat' dir='ltr'>circiter</span> <span class='ocrx_word' id='word_1_130' title='bbox 1048 2850 1162 2914; x_wconf 83' lang='lat' dir='ltr'>XXIII</span> 
     </span>
     <span class='ocr_line' id='line_1_20' title="bbox 85 2964 1164 3059; baseline -0.002 -28"><span class='ocrx_word' id='word_1_131' title='bbox 85 2968 118 3031; x_wconf 92' lang='lat' dir='ltr'>in</span> <span class='ocrx_word' id='word_1_132' title='bbox 144 2993 208 3032; x_wconf 90' lang='lat' dir='ltr'>una</span> <span class='ocrx_word' id='word_1_133' title='bbox 234 2967 460 3059; x_wconf 87' lang='lat' dir='ltr'>Theuropidis</span> <span class='ocrx_word' id='word_1_134' title='bbox 496 2968 706 3058; x_wconf 89' lang='lat' dir='ltr'>Simonisqne</span> <span class='ocrx_word' id='word_1_135' title='bbox 739 2964 955 3031; x_wconf 87' lang='lat' dir='ltr'>altercatione</span> <span class='ocrx_word' id='word_1_136' title='bbox 988 2990 1061 3030; x_wconf 91' lang='lat' dir='ltr'>esse</span> <span class='ocrx_word' id='word_1_137' title='bbox 1088 2991 1164 3031; x_wconf 87' lang='lat' dir='ltr'>ver-</span> 
     </span>
     <span class='ocr_line' id='line_1_21' title="bbox 87 3080 1163 3176; baseline -0.002 -29"><span class='ocrx_word' id='word_1_138' title='bbox 87 3101 172 3149; x_wconf 89' lang='lat' dir='ltr'>satos</span> <span class='ocrx_word' id='word_1_139' title='bbox 198 3083 295 3176; x_wconf 90' lang='lat' dir='ltr'>eique</span> <span class='ocrx_word' id='word_1_140' title='bbox 320 3084 369 3148; x_wconf 89' lang='lat' dir='ltr'>rei</span> <span class='ocrx_word' id='word_1_141' title='bbox 396 3080 480 3147; x_wconf 89' lang='lat' dir='ltr'>illud</span> <span class='ocrx_word' id='word_1_142' title='bbox 503 3083 643 3174; x_wconf 88' lang='lat' dir='ltr'>spatium</span> <span class='ocrx_word' id='word_1_143' title='bbox 670 3106 734 3147; x_wconf 91' lang='lat' dir='ltr'>nec</span> <span class='ocrx_word' id='word_1_144' title='bbox 761 3107 878 3175; x_wconf 87' lang='lat' dir='ltr'>parum</span> <span class='ocrx_word' id='word_1_145' title='bbox 914 3105 984 3147; x_wconf 89' lang='lat' dir='ltr'>esse</span> <span class='ocrx_word' id='word_1_146' title='bbox 1020 3106 1085 3147; x_wconf 90' lang='lat' dir='ltr'>nec</span> <span class='ocrx_word' id='word_1_147' title='bbox 1112 3083 1163 3145; x_wconf 91' lang='lat' dir='ltr'>ni-</span> 
     </span>
     <span class='ocr_line' id='line_1_22' title="bbox 84 3196 1163 3291; baseline -0.003 -27"><span class='ocrx_word' id='word_1_148' title='bbox 84 3200 195 3264; x_wconf 89' lang='lat' dir='ltr'>mium.</span> <span class='ocrx_word' id='word_1_149' title='bbox 247 3197 346 3283; x_wconf 87' lang='lat' dir='ltr'>Quod</span> <span class='ocrx_word' id='word_1_150' title='bbox 373 3215 408 3264; x_wconf 93' lang='lat' dir='ltr'>ut</span> <span class='ocrx_word' id='word_1_151' title='bbox 423 3199 467 3264; x_wconf 86' lang='lat' dir='ltr'>ita</span> <span class='ocrx_word' id='word_1_152' title='bbox 490 3223 524 3264; x_wconf 89' lang='lat' dir='ltr'>sc</span> <span class='ocrx_word' id='word_1_153' title='bbox 544 3224 664 3290; x_wconf 89' lang='lat' dir='ltr'>reapse</span> <span class='ocrx_word' id='word_1_154' title='bbox 686 3197 810 3263; x_wconf 88' lang='lat' dir='ltr'>habere</span> <span class='ocrx_word' id='word_1_155' title='bbox 834 3196 904 3264; x_wconf 88' lang='lat' dir='ltr'>aliis</span> <span class='ocrx_word' id='word_1_156' title='bbox 922 3221 1058 3291; x_wconf 90' lang='lat' dir='ltr'>quoque</span> <span class='ocrx_word' id='word_1_157' title='bbox 1082 3223 1163 3288; x_wconf 88' lang='lat' dir='ltr'>per-</span> 
     </span>
     <span class='ocr_line' id='line_1_23' title="bbox 85 3311 1162 3405; baseline 0 -27"><span class='ocrx_word' id='word_1_158' title='bbox 85 3311 309 3394; x_wconf 81' lang='lat' dir='ltr'>suaderemus,</span> <span class='ocrx_word' id='word_1_159' title='bbox 337 3311 523 3405; x_wconf 86' lang='lat' dir='ltr'>explendae</span> <span class='ocrx_word' id='word_1_160' title='bbox 540 3311 676 3379; x_wconf 87' lang='lat' dir='ltr'>lacnnae</span> <span class='ocrx_word' id='word_1_161' title='bbox 694 3311 758 3379; x_wconf 90' lang='lat' dir='ltr'>hoc</span> <span class='ocrx_word' id='word_1_162' title='bbox 784 3311 875 3404; x_wconf 92' lang='lat' dir='ltr'>quod</span> <span class='ocrx_word' id='word_1_163' title='bbox 888 3312 973 3377; x_wconf 84' lang='lat' dir='ltr'>infra</span> <span class='ocrx_word' id='word_1_164' title='bbox 993 3314 1162 3404; x_wconf 88' lang='lat' dir='ltr'>posuimus</span> 
     </span>
     <span class='ocr_line' id='line_1_24' title="bbox 84 3425 1162 3520; baseline 0 -27"><span class='ocrx_word' id='word_1_165' title='bbox 84 3426 272 3520; x_wconf 89' lang='lat' dir='ltr'>pericnlum</span> <span class='ocrx_word' id='word_1_166' title='bbox 307 3429 462 3508; x_wconf 87' lang='lat' dir='ltr'>fecimus,</span> <span class='ocrx_word' id='word_1_167' title='bbox 495 3452 564 3494; x_wconf 91' lang='lat' dir='ltr'>non</span> <span class='ocrx_word' id='word_1_168' title='bbox 597 3427 712 3495; x_wconf 86' lang='lat' dir='ltr'>hercle</span> <span class='ocrx_word' id='word_1_169' title='bbox 744 3425 830 3492; x_wconf 88' lang='lat' dir='ltr'>illud</span> <span class='ocrx_word' id='word_1_170' title='bbox 865 3426 934 3493; x_wconf 92' lang='lat' dir='ltr'>ullo</span> <span class='ocrx_word' id='word_1_171' title='bbox 959 3448 1058 3520; x_wconf 90' lang='lat' dir='ltr'>pacto</span> <span class='ocrx_word' id='word_1_172' title='bbox 1087 3427 1162 3507; x_wconf 90' lang='lat' dir='ltr'>tale,</span> 
     </span>
     <span class='ocr_line' id='line_1_25' title="bbox 85 3542 1163 3637; baseline 0.002 -29"><span class='ocrx_word' id='word_1_173' title='bbox 85 3543 177 3636; x_wconf 91' lang='lat' dir='ltr'>quod</span> <span class='ocrx_word' id='word_1_174' title='bbox 203 3542 350 3610; x_wconf 85' lang='lat' dir='ltr'>Plautina</span> <span class='ocrx_word' id='word_1_175' title='bbox 377 3562 446 3610; x_wconf 90' lang='lat' dir='ltr'>arte</span> <span class='ocrx_word' id='word_1_176' title='bbox 470 3543 605 3635; x_wconf 85' lang='lat' dir='ltr'>dignum</span> <span class='ocrx_word' id='word_1_177' title='bbox 630 3561 834 3636; x_wconf 86' lang='lat' dir='ltr'>putaremus,</span> <span class='ocrx_word' id='word_1_178' title='bbox 860 3542 918 3608; x_wconf 88' lang='lat' dir='ltr'>sed</span> <span class='ocrx_word' id='word_1_179' title='bbox 944 3545 978 3609; x_wconf 90' lang='lat' dir='ltr'>iu</span> <span class='ocrx_word' id='word_1_180' title='bbox 993 3547 1163 3637; x_wconf 87' lang='lat' dir='ltr'>quantavis</span> 
     </span>
     <span class='ocr_line' id='line_1_26' title="bbox 86 3658 1162 3754; baseline -0.002 -28"><span class='ocrx_word' id='word_1_181' title='bbox 86 3663 243 3727; x_wconf 83' lang='lat' dir='ltr'>tenuitate</span> <span class='ocrx_word' id='word_1_182' title='bbox 273 3663 304 3727; x_wconf 93' lang='lat' dir='ltr'>ei</span> <span class='ocrx_word' id='word_1_183' title='bbox 329 3677 441 3726; x_wconf 89' lang='lat' dir='ltr'>tamen</span> <span class='ocrx_word' id='word_1_184' title='bbox 465 3685 529 3753; x_wconf 83' lang='lat' dir='ltr'>qua</span> <span class='ocrx_word' id='word_1_185' title='bbox 557 3684 639 3754; x_wconf 92' lang='lat' dir='ltr'>opus</span> <span class='ocrx_word' id='word_1_186' title='bbox 663 3677 712 3726; x_wconf 90' lang='lat' dir='ltr'>est</span> <span class='ocrx_word' id='word_1_187' title='bbox 740 3658 1015 3727; x_wconf 86' lang='lat' dir='ltr'>demonstrationi</span> <span class='ocrx_word' id='word_1_188' title='bbox 1039 3680 1162 3752; x_wconf 87' lang='lat' dir='ltr'>aptum,</span> 
     </span>
     <span class='ocr_line' id='line_1_27' title="bbox 84 3775 1163 3871; baseline 0.001 -32"><span class='ocrx_word' id='word_1_189' title='bbox 84 3776 111 3839; x_wconf 88' lang='lat' dir='ltr'>si</span> <span class='ocrx_word' id='word_1_190' title='bbox 137 3800 199 3842; x_wconf 87' lang='lat' dir='ltr'>nec</span> <span class='ocrx_word' id='word_1_191' title='bbox 225 3778 403 3871; x_wconf 88' lang='lat' dir='ltr'>quicquam</span> <span class='ocrx_word' id='word_1_192' title='bbox 435 3778 551 3868; x_wconf 88' lang='lat' dir='ltr'>inepte</span> <span class='ocrx_word' id='word_1_193' title='bbox 581 3775 687 3843; x_wconf 90' lang='lat' dir='ltr'>moliti</span> <span class='ocrx_word' id='word_1_194' title='bbox 715 3801 785 3841; x_wconf 90' lang='lat' dir='ltr'>esse</span> <span class='ocrx_word' id='word_1_195' title='bbox 812 3801 874 3842; x_wconf 88' lang='lat' dir='ltr'>uec</span> <span class='ocrx_word' id='word_1_196' title='bbox 896 3775 1067 3842; x_wconf 90' lang='lat' dir='ltr'>inutilibus</span> <span class='ocrx_word' id='word_1_197' title='bbox 1094 3803 1163 3841; x_wconf 90' lang='lat' dir='ltr'>am-</span> 
     </span>
     <span class='ocr_line' id='line_1_28' title="bbox 83 3888 1164 3984; baseline -0.002 -27"><span class='ocrx_word' id='word_1_198' title='bbox 83 3891 223 3983; x_wconf 83' lang='lat' dir='ltr'>bagibus</span> <span class='ocrx_word' id='word_1_199' title='bbox 259 3918 375 3958; x_wconf 89' lang='lat' dir='ltr'>senum</span> <span class='ocrx_word' id='word_1_200' title='bbox 413 3917 606 3962; x_wconf 87' lang='lat' dir='ltr'>sermonem</span> <span class='ocrx_word' id='word_1_201' title='bbox 640 3890 770 3984; x_wconf 87' lang='lat' dir='ltr'>longius</span> <span class='ocrx_word' id='word_1_202' title='bbox 800 3888 997 3981; x_wconf 84' lang='lat' dir='ltr'>produxisse</span> <span class='ocrx_word' id='word_1_203' title='bbox 1036 3888 1164 3957; x_wconf 89' lang='lat' dir='ltr'>iudica-</span> 
     </span>
     <span class='ocr_line' id='line_1_29' title="bbox 83 4005 202 4072; baseline 0 -2"><span class='ocrx_word' id='word_1_204' title='bbox 83 4005 202 4072; x_wconf 87' lang='lat' dir='ltr'>bimur.</span> 
     </span>
    </p>

    <p class='ocr_par' dir='ltr' id='par_1_7' title="bbox 183 4115 1046 4211">
     <span class='ocr_line' id='line_1_30' title="bbox 183 4115 1046 4211; baseline -0.005 -23"><span class='ocrx_word' id='word_1_205' title='bbox 183 4141 244 4188; x_wconf 76' lang='lat' dir='ltr'>rr.</span> <span class='ocrx_word' id='word_1_206' title='bbox 270 4117 437 4208; x_wconf 69' lang='lat' dir='ltr'>Profecto</span> <span class='ocrx_word' id='word_1_207' title='bbox 461 4143 532 4186; x_wconf 87' lang='lat' dir='ltr'>uon</span> <span class='ocrx_word' id='word_1_208' title='bbox 559 4117 693 4211; x_wconf 71' lang='lat' dir='ltr'>negabo</span> <span class='ocrx_word' id='word_1_209' title='bbox 719 4117 854 4194; x_wconf 82' lang='lat' dir='ltr'>debere,</span> <span class='ocrx_word' id='word_1_210' title='bbox 879 4115 912 4184; x_wconf 89' lang='lat' dir='ltr'>e&#39;t</span> <span class='ocrx_word' id='word_1_211' title='bbox 937 4119 1046 4184; x_wconf 83' lang='lat' dir='ltr'>dabo:</span> 
     </span>
    </p>

    <p class='ocr_par' dir='ltr' id='par_1_8' title="bbox 183 4230 1112 4328">
     <span class='ocr_line' id='line_1_31' title="bbox 183 4230 1112 4328; baseline -0.001 -26"><span class='ocrx_word' id='word_1_212' title='bbox 183 4237 217 4302; x_wconf 86' lang='grc' dir='ltr'><em>Τ</em></span> <span class='ocrx_word' id='word_1_213' title='bbox 213 4264 232 4301; x_wconf 83' lang='grc' dir='ltr'>ιι</span> <span class='ocrx_word' id='word_1_214' title='bbox 260 4233 340 4301; x_wconf 84' lang='lat' dir='ltr'>cn&#39;ve</span> <span class='ocrx_word' id='word_1_215' title='bbox 365 4234 599 4328; x_wconf 65' lang='lat' dir='ltr'>quadraginta</span> <span class='ocrx_word' id='word_1_216' title='bbox 624 4233 794 4326; x_wconf 78' lang='lat' dir='ltr'>decepisse</span> <span class='ocrx_word' id='word_1_217' title='bbox 820 4235 899 4301; x_wconf 79' lang='lat' dir='ltr'>ltine</span> <span class='ocrx_word' id='word_1_218' title='bbox 925 4230 968 4300; x_wconf 78' lang='lat' dir='ltr'>rui</span> <span class='ocrx_word' id='word_1_219' title='bbox 998 4261 1112 4327; x_wconf 76' lang='lat' dir='ltr'>neges.</span> 
     </span>
    </p>
   </div>
   <div class='ocr_carea' id='block_1_3' title="bbox 113 4345 1164 4444">
    <p class='ocr_par' dir='ltr' id='par_1_9' title="bbox 113 4345 1164 4444">
     <span class='ocr_line' id='line_1_32' title="bbox 113 4345 1164 4444; baseline 0 -26"><span class='ocrx_word' id='word_1_220' title='bbox 113 4351 161 4420; x_wconf 73' lang='lat'>32</span> <span class='ocrx_word' id='word_1_221' title='bbox 185 4373 232 4419; x_wconf 84' lang='lat' dir='ltr'>st.</span> <span class='ocrx_word' id='word_1_222' title='bbox 262 4353 397 4444; x_wconf 82' lang='lat' dir='ltr'>Quaeso</span> <span class='ocrx_word' id='word_1_223' title='bbox 424 4347 544 4442; x_wconf 72' lang='lat' dir='ltr'>edepol</span> <span class='ocrx_word' id='word_1_224' title='bbox 563 4350 611 4416; x_wconf 85' lang='lat' dir='ltr'>ad</span> <span class='ocrx_word' id='word_1_225' title='bbox 634 4376 685 4415; x_wconf 89' lang='lat' dir='ltr'>mc</span> <span class='ocrx_word' id='word_1_226' title='bbox 709 4350 775 4416; x_wconf 80' lang='lat' dir='ltr'>buc</span> <span class='ocrx_word' id='word_1_227' title='bbox 795 4345 911 4442; x_wconf 72' lang='lat' dir='ltr'>specte</span> <span class='ocrx_word' id='word_1_228' title='bbox 937 4369 970 4417; x_wconf 90' lang='lat' dir='ltr'>et</span> <span class='ocrx_word' id='word_1_229' title='bbox 995 4349 1164 4444; x_wconf 71' lang='lat' dir='ltr'>responde</span> 
     </span>
    </p>
   </div>
   <div class='ocr_carea' id='block_1_4' title="bbox 120 4467 1160 4760">
    <p class='ocr_par' dir='ltr' id='par_1_10' title="bbox 120 4467 1160 4760">
     <span class='ocr_line' id='line_1_33' title="bbox 575 4467 663 4531; baseline 0.011 -1"><span class='ocrx_word' id='word_1_230' title='bbox 575 4467 663 4531; x_wconf 82' lang='lat' dir='ltr'>milti.</span> 
     </span>
     <span class='ocr_line' id='line_1_34' title="bbox 120 4571 1160 4671; baseline 0 -25"><span class='ocrx_word' id='word_1_231' title='bbox 120 4601 132 4650; x_wconf 90' lang='lat' dir='ltr'>t</span> <span class='ocrx_word' id='word_1_232' title='bbox 184 4581 273 4646; x_wconf 86' lang='lat' dir='ltr'>Nam</span> <span class='ocrx_word' id='word_1_233' title='bbox 306 4575 522 4671; x_wconf 81' lang='lat' dir='ltr'>qttcmdbrcm</span> <span class='ocrx_word' id='word_1_234' title='bbox 556 4587 726 4671; x_wconf 80' lang='lat' dir='ltr'>accepisse</span> <span class='ocrx_word' id='word_1_235' title='bbox 752 4571 792 4645; x_wconf 79' lang='lat' dir='ltr'>id</span> <span class='ocrx_word' id='word_1_236' title='bbox 825 4605 875 4644; x_wconf 87' lang='lat' dir='ltr'>mc</span> <span class='ocrx_word' id='word_1_237' title='bbox 902 4598 1084 4670; x_wconf 74' lang='lat' dir='ltr'>mgentem</span> <span class='ocrx_word' id='word_1_238' title='bbox 1108 4580 1160 4648; x_wconf 74' lang='lat' dir='ltr'>‹ti-</span> 
     </span>
     <span class='ocr_line' id='line_1_35' title="bbox 563 4695 688 4760; baseline -0.008 0"><span class='ocrx_word' id='word_1_239' title='bbox 563 4695 688 4760; x_wconf 78' lang='lat' dir='ltr'>critas?</span> 
     </span>
    </p>
   </div>
   <div class='ocr_carea' id='block_1_5' title="bbox 0 0 1414 5332">
    <p class='ocr_par' dir='ltr' id='par_1_11' title="bbox 0 0 1414 5332">
     <span class='ocr_line' id='line_1_36' title="bbox 0 0 1414 5332; baseline 0 2"><span class='ocrx_word' id='word_1_240' title='bbox 0 0 1414 5332; x_wconf 95' lang='lat' dir='ltr'> </span> 
     </span>
    </p>
   </div>
  </div>
 </body>
</html>
