2820 5332
412 679 661 723 nosrccctnttn
690 678 881 725 rttrrtnsn.
1118 656 1191 730 435

108 850 234 939 spectis
266 874 283 912 a
314 865 418 914 semet
452 848 593 915 aedibus
629 853 901 918 sermocinantes.
968 852 1068 936 Quod
1101 870 1192 947 patet

109 980 175 1028 tant
201 962 379 1029 absurdum
409 990 497 1044 esse,
520 983 556 1031 ut
580 991 646 1032 non
673 965 773 1033 modo
797 966 1036 1051 defensionem,
1062 969 1123 1036 sed
1147 994 1192 1038 ne

111 1080 354 1146 excusationem
380 1079 520 1173 quidem
548 1079 647 1146 ullam
669 1081 799 1148 babeat.
830 1081 973 1149 Accedit
985 1062 1080 1150 alind
1093 1082 1193 1177 quid·

111 1196 197 1263 dam.
246 1199 349 1264 Actus
377 1198 464 1263 etritn
492 1197 539 1263 IV
565 1222 609 1262 sc.
637 1199 659 1264 ΕΙ
685 1223 712 1264 ν.
740 1198 787 1267 ‘26
813 1197 903 1264 unde
927 1198 1060 1278 tandem
1086 1202 1193 1267 subita

111 1312 343 1404 Thenropidis
369 1314 568 1404 praesentia,
594 1338 661 1378 non
687 1313 755 1381 ullo
783 1312 836 1381 vel
863 1314 988 1382 indicio
1014 1315 1195 1408 significata

111 1426 164 1493 vel
190 1428 329 1494 artificio
351 1429 574 1521 praeparata?
598 1427 733 1521 quando
759 1455 856 1497 neca
877 1433 981 1497 servis
1000 1431 1089 1499 sores
1118 1430 1194 1524 pui-

113 1543 257 1609 tantibus
284 1561 360 1608 ante
388 1544 593 1634 conspicitur
618 1543 676 1610 ille
698 1561 739 1645 'ut
772 1543 977 1624 adveniens,
1015 1571 1079 1613 nec
1112 1546 1195 1638 quid

112 1683 214 1751 agens
237 1660 347 1749 veniat
370 1658 443 1751 ipse
467 1676 644 1724 memorat:
675 1683 811 1750 prorsus
836 1659 871 1725 id
898 1661 1038 1753 quidem
1065 1681 1198 1754 praeter

113 1797 242 1840 morem
270 1771 464 1840 comoediae
492 1792 524 1839 et
554 1772 706 1869 profecto
738 1775 836 1840 etiam
861 1793 997 1868 praeter
1022 1778 1197 1843 rationem.

215 1891 308 1971 Quae
336 1915 409 1957 cunt
435 1890 478 1955 ita
503 1908 631 1970 essent,
662 1912 732 1956 non
764 1916 843 1957 saue
869 1892 986 1983 inepte
1012 1892 1197 1985 Koepkius,

115 2007 168 2072 cui
196 2007 373 2072 obsecutus
400 2025 449 2073 est
469 2006 615 2085 boetius,
641 2007 682 2071 ab
711 2032 749 2072 ea
775 2032 887 2087 scena,
914 2033 1000 2101 quae
1025 2027 1073 2074 est
1092 2008 1151 2086 ΙΙΙ,
1175 2011 1198 2076 3

117 2120 208 2215 apud
244 2124 467 2202 Gronoviunt,
506 2120 609 2188 voluit
634 2140 741 2188 actum
774 2140 930 2217 quartum
956 2123 1084 2191 ordiri':
1124 2124 1199 2191 satis

118 2238 206 2302 enim
229 2239 391 2329 temporis
424 2238 532 2329 potuit
570 2238 658 2303 iuter
691 2235 775 2304 duos
807 2256 899 2305 actus
934 2239 1201 2331 praeterlapsum

118 2352 272 2445 cogitari,
312 2377 378 2445 quo
405 2375 522 2419 omnes
545 2350 677 2418 aedium
702 2356 970 2445 opportunitates
997 2351 1201 2420 commodis-

117 2470 199 2534 sime
225 2468 537 2560 pervestigarentur.
597 2469 668 2534 Nec
699 2467 784 2533 illud
810 2493 877 2536 uon
903 2468 1127 2561 probabiliter
1151 2468 1202 2532 in-

117 2584 274 2661 stitutum,
303 2581 395 2674 quod
420 2581 572 2647 Lambini
597 2606 694 2648 suasu
721 2584 817 2650 unius
845 2607 963 2651 scenae
976 2583 1201 2675 perpetuitate

117 2700 259 2792 primani
288 2715 322 2763 et
346 2695 481 2764 alteram
507 2717 597 2764 actus
624 2698 672 2765 lV
695 2699 947 2767 continuarunt:
983 2717 1048 2764 tam
1084 2720 1202 2763 neces-

118 2814 205 2879 sario
242 2815 329 2878 inter
362 2838 397 2879 se
431 2812 562 2879 vinculo
598 2830 764 2879 extremus
798 2814 926 2904 primae
964 2810 1223 2903 secundaeque.

118 2930 246 3020 primus
269 2951 383 2994 versus
410 2927 623 2992 continentur
637 2923 649 2991 :¹

242 3038 422 3111 Po'strcmo
449 3037 590 3108 mino'ris
616 3038 732 3131 pertdo
765 3033 900 3129 te'rgum
930 3040 1066 3106 illoram
1098 3035 1199 3134 qudm

716 3178 842 3220 meum:

238 3270 309 3341 'Illi
333 3289 435 3340 crunt
461 3265 633 3338 bucaddae
658 3271 763 3338 enolto
786 3267 899 3364 po'tius
924 3273 1024 3364 duam
1050 3295 1116 3363 ego
1138 3274 1202 3338 sim

713 3383 826 3453 restio.

119 3511 190 3576 Nec
216 3532 322 3574 novae
349 3530 470 3572 scenae
497 3503 601 3570 ulium
638 3521 715 3569 anta
754 3504 976 3595 posteriorem
1009 3528 1144 3570 versum
1168 3502 1204 3570 in

119 3624 214 3690 libris
242 3623 374 3716 scriptis
400 3619 572 3690 indicium.
607 3618 675 3687 Sed
703 3622 745 3686 itn
770 3618 849 3713 quid
878 3621 934 3686 fiat
958 3617 1205 3710 Theuropidei

122 3742 250 3805 Eumne
286 3736 450 3805 credibile
478 3754 543 3816 cst,
583 3753 760 3828 postquam
793 3754 942 3803 extrema
968 3757 1069 3799 scena
1095 3733 1203 3810 111,3

122 3851 237 3948 (qnam
263 3854 312 3920 iili
335 3855 392 3934 lv,
411 3860 425 3919 1
444 3849 607 3936 fecerunt)
631 3852 759 3917 Tranio
786 3849 992 3925 discesserat,
1015 3873 1078 3938 per
1098 3864 1202 3913 totum

120 3971 206 4037 illud
232 3990 375 4062 tempus,
402 3995 469 4063 quo
497 3995 544 4035 sc.
570 3969 628 4048 IV,
655 3973 668 4034 Ι
702 3967 781 4033 etit
807 3960 997 4056 (quasillis
1023 3986 1088 4026 una
1112 3961 1201 4040 lV,t

121 4085 210 4169 sunt)
247 4086 427 4151 Phaniscus
461 4102 529 4150 tout
556 4107 667 4151 secum
699 4078 849 4171 loquitur
874 4096 945 4144 tum
970 4079 1098 4144 iocatur
1124 4101 1202 4144 cum

122 4226 295 4288 conservo,
322 4202 355 4266 b.
384 4226 414 4268 e.
441 4225 503 4291 per
528 4201 675 4289 integros
701 4220 813 4261 versus
837 4195 901 4273 53,
927 4194 1069 4259 otiosum
1094 4210 1202 4259 astare

123 4336 157 4383 et
182 4342 321 4410 prorsus
346 4315 430 4382 nibil
457 4314 633 4408 agentem?
692 4310 792 4398 Quod
824 4311 970 4376 sentiens
1005 4328 1039 4375 nt
1072 4308 1204 4376 ridetur

122 4431 296 4524 Koepitius
337 4457 412 4497 cum
447 4455 564 4498 senem
602 4429 763 4520 tantisper
796 4423 986 4493 consedisse
1024 4425 1058 4490 io
1089 4423 1202 4517 aliquo

124 4546 272 4616 scabello
300 4563 404 4638 putat,
431 4546 515 4611 nibil
541 4543 862 4610 animadvertentem
881 4565 1097 4634 eorumquae
1116 4543 1204 4609 circa

126 4691 203 4733 cum
227 4678 421 4758 agcrentur:
445 4685 514 4729 non
539 4660 706 4751 reputavit
722 4656 765 4726 de
785 4658 947 4759 constanti
961 4655 1202 4726 consuetudine
