2820 5332
517 664 737 712 rtccmrurvs.
1093 647 1166 721 403

80 842 188 909 doctis
211 869 227 906 u
248 840 433 907 Tiruboseo
456 865 489 932 p·
516 840 584 911 691
614 861 823 934 excerptum:
854 844 901 910 In
923 845 1035 937 aliquo
1061 852 1168 938 igitur

81 980 224 1023 numero
240 961 320 1043 suit
344 953 519 1023 Antonius
543 957 757 1051 Panormita,
782 957 881 1023 lsomo
907 958 1035 1038 doetus,
1056 979 1090 1028 et
1117 967 1168 1028 in-

82 1077 131 1140 ris
156 1072 242 1138 bene
264 1075 407 1164 peritus.
457 1069 655 1159 Diligenter
679 1075 784 1136 etiam
807 1078 893 1139 satis
918 1074 1074 1168 loquutus
1098 1095 1163 1156 est,
1219 1062 1232 1077 ἱ

83 1207 117 1256 et
144 1207 179 1256 nt
205 1205 294 1255 esset
314 1187 428 1278 paullo
453 1186 603 1286 politior,
638 1187 848 1276 elegantiam
871 1196 1038 1257 sermonis
1062 1189 1167 1260 Plau·

83 1311 193 1372 tinam
219 1303 351 1372 uolebat
377 1306 519 1376 imitari,
552 1301 615 1367 scd
638 1301 681 1368 ab
708 1327 748 1368 eo
772 1302 893 1371 aberat
918 1308 978 1371 illu
1002 1314 1170 1375 orationis

85 1425 270 1511 integritas
296 1444 338 1484 ac
363 1421 577 1482 sententiosa
599 1421 836 1483 concinnitas:
860 1423 974 1510 itaque
1001 1441 1082 1488 sterit
1099 1429 1169 1516 epi-

84 1538 194 1603 stolae
220 1540 292 1601 cius
316 1532 563 1624 languidiores.
588 1536 669 1603 Fuit
689 1550 805 1599 tarnen
821 1554 1029 1627 perargutus
1046 1542 1169 1617 Poeta,

84 1670 118 1718 et
150 1653 216 1718 illis
249 1648 452 1742 tem'poribus
486 1672 558 1713 non
594 1664 827 1740 contemptus:
870 1675 952 1715 nam
983 1658 1011 1718 is
1042 1660 1170 1745 primus

85 1793 199 1834 uersus
231 1765 279 1832 ad
310 1788 504 1831 mensuram
533 1763 708 1856 quarrdam
739 1789 1020 1859 numerosamque
1049 1795 1170 1837 sonum

84 1888 272 1950 revocavit:
304 1899 410 1946 antea
435 1884 525 1944 enim
540 1883 676 1967 fractis
703 1885 912 1975 concisisque
933 1890 1084 1950 nurneris
1105 1910 1169 1976 pa-

84 2023 157 2064 rum
184 1997 367 2063 admodum
401 2020 514 2061 versus
548 2021 571 2059 α
592 1993 732 2087 plebeiis
758 1996 925 2087 rhythmis
949 1997 1169 2087 differebant,

83 2138 287 2206 quamquam
312 2117 384 2178 eius
395 2114 483 2198 fere
509 2127 584 2175 tota
605 2107 726 2179 Poesis
751 2127 803 2176 est
829 2111 985 2180 obscena.
1036 2118 1170 2184 Tertius

83 2232 181 2323 igitur
208 2254 297 2296 nunc
322 2231 357 2293 in
387 2228 571 2312 Antoniis.
598 2226 704 2294 Codri
720 2227 824 2295 Vrcei
852 2230 1066 2297 etllermolai
1090 2233 1171 2297 Bur-

83 2348 156 2413 bari
197 2348 389 2415 societatem
426 2346 589 2411 Antonius
628 2342 689 2411 ille
724 2346 912 2419 Panormita
945 2346 1170 2412 asciscendus.

84 2462 168 2528 Num
203 2461 246 2529 de
272 2458 450 2527 Hermolao
482 2461 541 2526 etsi
564 2460 599 2524 in
624 2484 665 2526 eo
691 2461 764 2526 sive
794 2459 973 2527 Mosellius
999 2462 1065 2527 sire
1088 2463 1170 2528 Nic·

83 2579 223 2644 buhrius
249 2603 285 2669 p.
317 2580 383 2644 177
411 2573 553 2654 fallitur,
580 2573 671 2666 quod
698 2573 793 2640 illum
818 2576 1071 2667 Amphitruonis
1097 2602 1171 2643 scc-

84 2719 200 2759 nurum
227 2709 397 2758 auctorem
420 2715 454 2757 se
480 2690 634 2782 profiteri
657 2688 757 2756 dixit:
784 2714 895 2782 nequo
924 2694 1012 2756 enim
1033 2690 1084 2756 vel
1108 2693 1171 2757 hu·

83 2811 133 2874 ius
168 2807 218 2874 vel
254 2807 336 2874 alius
369 2824 477 2874 certae
515 2804 646 2870 fabulae
681 2804 787 2870 ullum
810 2804 971 2870 indicium
999 2824 1102 2872 exstat
1135 2809 1171 2872 iu

83 2923 252 2990 Hermolui
291 2922 334 2988 ad
370 2923 415 2987 M.
441 2923 477 2987 L.
512 2921 745 3010 Phosphorum
773 2921 970 3011 episcopum
996 2921 1168 3013 Signinum

84 3039 243 3131 epistola,
280 3063 363 3130 quae
398 3054 447 3101 est
479 3035 565 3101 inter
599 3034 719 3126 Angeli
741 3034 895 3102 Politiani
916 3035 1081 3129 Epistolas
1108 3035 1166 3104 lib.

83 3155 158 3235 XII,
185 3156 230 3223 ‘25
254 3180 288 3244 p.
314 3150 385 3221 419
412 3150 464 3216 ed.
489 3149 618 3242 Gryph.
644 3176 672 3215 e.
703 3150 810 3221 1536:
840 3168 949 3216 tumen
978 3177 1093 3217 verum
1119 3171 1168 3219 est

85 3272 220 3340 omnino
251 3267 482 3334 octonariolos
519 3289 598 3332 suos
638 3290 899 3333 commemorare
940 3266 1166 3346 Hermolaum,

82 3388 203 3480 quibus
239 3384 346 3450 Plauti
374 3385 441 3449 sive
471 3387 578 3447 ursum'
600 3382 667 3446 sive
694 3378 810 3471 plures
835 3379 1039 3462 comoedias,
1078 3408 1164 3474 quae

82 3501 257 3568 ammistae
271 3515 305 3565 et
324 3497 500 3563 rmuilatae
523 3494 825 3575 circumferrentur,
848 3497 1095 3563 reconcinnarir
1115 3500 1166 3564 in-

83 3616 323 3712 terpoluritque
345 3611 388 3678 de
412 3635 481 3680 suo.
506 3608 536 3695 *)
587 3610 662 3675 Non
695 3626 804 3676 eutem
835 3636 935 3704 aegre
961 3611 1164 3704 intelligitur,

80 3806 321 3823 ρ*-

133 3897 159 3961 ’)
188 3891 252 3942 Vide
271 3890 334 3941 iius.
355 3885 445 3954 philol.
466 3884 547 3936 Rhen.
563 3883 604 3946 w,
626 3884 764 3950 p.191sq.
793 3880 841 3932 Vbi
855 3881 923 3948 quod
938 3887 1162 3951 suspirstusormn

182 3978 363 4045 srrppositicius
374 3973 568 4040 Aurplritruunis
585 3986 677 4020 scenos
698 3971 804 4036 primum
826 3971 943 4035 prodisse
957 3974 981 4021 iu
997 3988 1026 4022 eu
1041 3974 1162 4039 editione,

183 4082 249 4133 quue
268 4067 324 4114 siue
343 4063 393 4113 ioci
412 4070 439 4111 et
458 4062 518 4110 unni
538 4059 728 4126 significatione
746 4056 849 4122 vulgata
870 4057 1057 4124 llcrrnolui,
1075 4063 1162 4115 urru-

184 4154 232 4215 lur,
252 4151 369 4203 Politiuui
389 4157 415 4198 et
435 4147 551 4197 Beroaldi
569 4145 672 4195 nourinu
691 4146 716 4193 in
737 4142 820 4193 fronte
838 4142 930 4208 hebet,
963 4147 986 4196 id
1011 4149 1043 4197 itu
1072 4166 1161 4202 revera

183 4255 241 4290 osse
258 4237 385 4304 cognovi,
413 4243 546 4300 postquem
572 4248 649 4282 unum
668 4228 738 4280 illius
762 4229 881 4280 editionis
902 4231 1046 4299 exemplum
1067 4236 1163 4288 Virdo.

182 4325 283 4387 bonae,
308 4323 415 4373 aiterum
434 4324 469 4390 (si
489 4326 560 4370 recto
576 4318 692 4381 memini,
710 4315 828 4384 Lugduni
845 4317 996 4370 Butuvoruus
1015 4322 1082 4386 vidi,
1108 4332 1163 4375 tor.

182 4415 244 4462 tium
271 4411 407 4461 ilermunni
434 4407 538 4472 Suuppii
567 4404 694 4456 beneficio
714 4402 782 4454 domi
801 4403 892 4455 habeo.
913 4436 947 4448 -
974 4406 1092 4462 Curetum
1112 4413 1162 4463 1100

181 4499 240 4549 ioco
271 4513 382 4548 errorem
412 4495 489 4546 liceat
520 4494 651 4559 corrigere
671 4491 732 4542 ibid.
754 4507 778 4557 p.
802 4491 849 4543 rot
868 4501 920 4544 not.
940 4495 973 4545 27
991 4500 1161 4552 commissum,

182 4584 293 4639 Nande
313 4599 363 4650 que
381 4583 415 4633 ibi
430 4582 512 4635 i‘iuuti
533 4578 656 4641 editione,
676 4594 734 4629 nmn
755 4579 859 4629 omuino
881 4589 1002 4644 exstaret,
1018 4583 1163 4637 dubitabam

177 4689 226 4725 uon
242 4674 302 4725 sutis
313 4670 401 4724 liberti
417 4668 565 4733 testimonio
586 4665 708 4730 conlisus,
726 4668 783 4718 eius
802 4668 988 4735 exemplunm
1007 4671 1162 4726 bibliothece
