2820 5332
161 638 233 714 5‘24
472 668 512 710 tr.
564 669 606 711 nn
635 666 922 731 turerronarrorrn

154 861 228 903 rum
265 836 306 906 Si
337 855 373 904 tu
399 842 565 903 estimem:
609 863 694 930 quse
731 861 807 904 cum
839 834 1062 930 relinquenda
1097 839 1256 930 nuperis

156 952 341 1020 editoribus
369 955 521 1021 omuibus
549 955 615 1020 visa
641 956 706 1034 sit,
745 954 931 1045 permirum
963 971 1073 1018 tamen
1101 970 1157 1021 est
1187 977 1254 1021 eos

154 1086 265 1162 spreta
291 1070 473 1136 Hermanni
495 1070 682 1136 inversione
710 1070 761 1138 Tu
786 1072 936 1134 culmum
957 1072 1001 1143 si,
1028 1093 1129 1160 quam
1150 1092 1251 1135 snm-

49 1229 50 1232 *
154 1207 208 1248 ma
233 1183 352 1249 horum
384 1184 536 1252 versuum
572 1186 776 1253 concinnitas
809 1182 1043 1264 commendat,
1079 1181 1251 1252 maluisse

153 1296 375 1390 inelegantius
402 1303 452 1368 Tu
477 1305 509 1367 si
533 1305 708 1376 artimum,
732 1301 835 1394 *quod
860 1300 1016 1392 prolecto
1041 1297 1084 1366 ad
1109 1324 1252 1367 memo-

36 1422 48 1432 “
152 1413 222 1480 riae
247 1413 350 1482 fidem
371 1440 440 1483 uon
467 1418 606 1512 propius
632 1429 738 1503 quam*
759 1413 1155 1483 Hermoniacum-illud
1185 1440 1250 1483 ac-

155 1527 257 1626 cedit.
308 1529 388 1598 Solo
409 1558 437 1604 v.
452 1533 500 1602 30
525 1534 566 1599 ab
594 1534 786 1600 Hermanno
812 1529 1039 1599 recedendum
1062 1532 1137 1623 ipse
1158 1555 1248 1596 cen-

155 1666 234 1726 seo;
259 1644 386 1712 facilius
413 1649 502 1713 enim
529 1674 547 1715 e
573 1647 747 1727 librorum,
774 1649 870 1716 etiam
895 1647 1125 1725 Ambrosiani,
1153 1650 1245 1714 scri-

155 1775 252 1850 ptura
279 1761 393 1827 lllimr‘o
416 1767 542 1830 satiust
568 1781 605 1831 ut
630 1781 729 1856 opust
750 1780 786 1830 te
808 1769 858 1829 ita
882 1787 955 1829 esse
980 1763 1036 1848 (eo
1064 1763 1156 1830 enim
1182 1790 1243 1830 va-

155 1870 204 1939 let
226 1876 322 1941 etiam
347 1874 570 1946 Palatinorum
599 1883 708 1945 satius
733 1882 785 1945 tttt‘
808 1876 920 1970 opust)
954 1876 1040 1943 illud
1070 1877 1108 1943 fit
1141 1877 1241 1971 qnod

155 1995 385 2082 reposuimus,
408 2019 508 2087 quam
532 1988 647 2061 Nimio
672 1997 824 2069 satiust,
860 1989 893 2060 te'
915 1997 978 2069 ita,
1005 2009 1042 2059 ut
1063 2017 1148 2086 opus
1174 2011 1244 2069 est,

154 2100 236 2172 aisse.
274 2108 346 2176 Nec
372 2108 571 2177 oblitteratis
598 2109 658 2178 ted
681 2128 714 2176 et
735 2109 813 2177 med
836 2110 951 2177 formis
977 2110 1157 2204 quicquam
1172 2110 1246 2177 sre-

58 2259 62 2266 ·
157 2225 327 2314 quentius.

254 2340 434 2432 Postquam
459 2337 503 2406 de
530 2338 667 2432 singulis
689 2340 838 2407 versibus
864 2339 1029 2421 diximus,
1065 2340 1242 2406 universo.

156 2475 231 2518 rum
253 2479 379 2524 summa
406 2453 629 2549 expendenda
657 2472 716 2522 est.
779 2456 828 2523 Ac
858 2454 951 2548 quod
982 2455 1152 2522 verbosius
1188 2473 1242 2522 sat

157 2567 344 2660 simplicem
370 2574 568 2637 sententiam
593 2569 755 2653 Philtonis
791 2574 894 2638 oratio
926 2573 1162 2664 persequitur,
1202 2571 1243 2638 id

158 2683 307 2778 quidem,
333 2689 428 2754 utin
454 2712 541 2765 sene,
569 2712 693 2780 perse
717 2684 799 2752 nibil
814 2687 1001 2754 ollcnsionis
1017 2685 1137 2754 babet:
1166 2711 1242 2756 mo-

157 2798 203 2868 do
227 2819 317 2868 certa
348 2804 476 2870 ratione
506 2822 667 2896 rectoque
699 2801 817 2869 ordine
846 2802 974 2897 singula
1005 2828 1040 2869 se
1071 2806 1243 2870 enuntiata

158 2918 335 3010 excipiant.
372 2918 446 2986 Nec
472 2917 508 2985 id
531 2920 648 3011 negari
672 2938 783 3014 potest
811 2935 946 2985 eatenus
972 2918 1055 2999 lieri,
1082 2936 1117 2984 ut
1140 2920 1243 3011 qnin-

159 3057 227 3124 que
271 3033 421 3099 versibus
465 3034 633 3126 prioribus
674 3032 837 3126 generalis
876 3034 1037 3100 sententia
1073 3032 1242 3126 quaedam

158 3165 386 3239 proponatur,
413 3176 499 3242 quoe
526 3147 567 3217 ad
595 3148 800 3241 peculiarem
827 3149 980 3245 Lysitelis
1005 3147 1241 3216 condicionem

159 3287 211 3330 vv·
237 3262 294 3335 29.
320 3263 368 3332 30
393 3264 624 3330 transferatur:
653 3265 697 3329 ita
725 3265 813 3330 enim
843 3266 964 3329 mirum
997 3287 1065 3330 nou
1088 3283 1137 3330 est
1161 3288 1241 3330 ean-

160 3376 238 3443 dem
259 3378 314 3447 hic
341 3382 581 3447 contrariorum
604 3380 852 3473 oppositionem
877 3380 1000 3446 iterari.
1031 3379 1161 3445 Verum
1182 3381 1244 3471 qui

160 3491 276 3563 ultimo
302 3492 379 3560 loco
406 3519 516 3560 versus
543 3492 686 3586 legitur,
724 3520 799 3561 eum
829 3494 911 3587 quid
942 3495 1005 3560 sibi
1039 3492 1123 3561 velle
1151 3493 1243 3562 dicu-

159 3609 254 3676 mus?
306 3610 379 3692 Quo
404 3611 551 3702 primum
576 3611 617 3676 ab
645 3609 695 3689 eo,
721 3609 763 3676 de
789 3634 856 3705 quo
882 3610 1101 3677 cummaxime
1124 3609 1242 3700 agitur,

162 3724 318 3817 exemplo
342 3725 451 3793 subito
477 3724 651 3818 adipsum
678 3750 782 3818 genus
813 3725 957 3809 reditur,
982 3743 1157 3818 praeterea
1183 3750 1244 3790 au·

161 3858 229 3910 tem
255 3840 338 3908 nihil
364 3866 504 3935 prorsus
528 3840 671 3920 affertur,
698 3838 791 3935 quod
817 3865 884 3907 non
909 3840 1026 3907 iisdem
1048 3840 1247 3909 notionibus

160 3981 239 4024 usus
265 3975 298 4022 et
324 3954 574 4050 propemodum
596 3956 704 4022 verbis
732 3978 867 4050 quoque
887 3953 1004 4021 iisdem
1027 3957 1146 4020 sivein
1165 3951 1246 4020 loco

160 4071 315 4138 universo
350 4069 574 4164 proponendo
609 4071 676 4137 sive
711 4070 745 4136 iu
771 4067 923 4163 exemplo
952 4067 1151 4163 explicando
1178 4070 1246 4134 iam

162 4203 259 4253 antea
285 4212 390 4254 senex
411 4186 642 4281 pronuntiarit.
693 4186 775 4252 Nam
801 4184 880 4252 illa:
918 4188 978 4281 qui
997 4189 1147 4251 animum
1171 4187 1248 4249 vin-

163 4320 246 4369 cunt
270 4327 370 4396 quam
395 4327 478 4396 quos
499 4306 633 4368 animus
666 4300 796 4370 iteratio
821 4319 897 4367 sunt
922 4300 1061 4367 horum:
1094 4316 1131 4365 tu
1165 4303 1244 4367 ani·

163 4441 253 4484 mum
277 4422 309 4486 si
335 4422 446 4486 vicisti
472 4422 587 4511 potius
622 4442 725 4514 quom
757 4420 892 4482 animus
925 4432 978 4495 te,·
1015 4414 1118 4483 multo
1143 4417 1246 4486 etiam

161 4532 349 4629 languidius
375 4535 474 4601 baec:
497 4557 629 4626 semper
650 4530 829 4626 probiores
854 4530 968 4596 elecem
994 4533 1110 4598 iterata
1134 4554 1176 4595 ex
1202 4529 1246 4597 il·

165 4647 221 4716 lis:
248 4651 342 4724 vivit,
368 4653 476 4717 victor
502 4654 665 4717 victorum
691 4648 789 4714 eluet.
843 4647 885 4712 Et
910 4666 945 4714 ut
970 4644 1155 4714 concedam
1184 4669 1249 4742 po-
