2820 5332
510 731 700 774 rnenrtrto.
1087 731 1146 776 ΧΙΙΙ

62 934 130 975 uon
168 908 269 999 stragis
304 928 367 997 ego
401 929 500 996 quam
526 905 608 970 alius
647 906 819 997 quisquam
857 923 969 972 contra
995 909 1146 998 gravissi-

65 1032 212 1083 morum,
248 1023 283 1070 ut
308 1003 501 1082 ridebatur,
531 1007 791 1071 testimoniorum
818 1007 1045 1070 auctoritatem
1079 1009 1149 1073 ausi

66 1131 217 1182 eramus,
248 1124 285 1169 ut
315 1126 451 1194 prorsus
482 1102 525 1169 dc
553 1102 665 1169 medio
693 1103 886 1170 tolleremus
919 1103 1038 1195 poetae
1065 1107 1151 1171 Dos·

62 1207 162 1272 senui
185 1205 397 1281 memoriam,
424 1200 459 1267 id
491 1228 579 1267 nnnc
613 1221 648 1268 ut
673 1202 860 1269 laciendum
882 1221 997 1294 putem
1024 1228 1151 1296 prope-

64 1303 206 1370 modum
232 1304 397 1394 persuasit
412 1301 543 1393 Bergltii
568 1303 671 1368 nostri
696 1300 837 1367 secunda
856 1303 1060 1369 ratiocinatio
1080 1306 1151 1394 pri-

63 1405 163 1470 vatim
200 1427 309 1493 nuper
344 1424 477 1466 mecum
503 1403 749 1468 communicata.
800 1403 840 1466 Et
869 1403 1037 1467 Horatiani
1076 1407 1150 1493 qui-

65 1502 143 1568 dem
159 1526 272 1567 versus
294 1499 411 1591 (Epist
433 1499 475 1577 ll,
501 1509 530 1572 l,
552 1498 634 1583 173)
649 1526 745 1591 quam
766 1499 822 1566 ille
839 1502 1150 1592 interpretationem

66 1599 341 1668 commendabat:
363 1613 512 1689 qrtarttus
529 1597 769 1671 dossennus
787 1603 824 1663 in
843 1598 1045 1664 inducendis
1068 1602 1151 1666 edo-

67 1699 160 1765 cibus
182 1702 347 1790 parasitis
370 1698 557 1764 Plautus
582 1701 645 1761 sit:
672 1697 814 1764 eandem
839 1698 1018 1764 iam-rideo
1046 1700 1083 1766 C.
1109 1701 1150 1765 0.

69 1798 236 1866 Muellero
280 1796 379 1862 tribui
418 1798 459 1862 ab
494 1794 645 1874 Orellio,
686 1798 776 1862 cuius
808 1797 1006 1862 dubitationi
1039 1798 1150 1890 aliquo

66 1898 170 1964 modo
190 1896 273 1963 liect
291 1915 479 1987 comparato
503 1893 605 1961 bucco
630 1897 772 1961 nominis
796 1922 855 1962 usu
878 1895 932 1980 (cf.
958 1921 1018 1961 nos
1034 1923 1066 1988 p.
1089 1891 1151 1985 32)

68 2021 256 2064 occurrere.
316 1996 399 2060 Nam
434 1993 527 2087 quod
558 1997 603 2059 ita
643 2020 710 2061 non
745 2021 822 2060 sane
868 1997 1011 2061 urbanus
1045 1995 1151 2063 Plauti

69 2096 277 2161 obtrectator
312 2095 464 2160 Horatius
500 2095 627 2160 existit:
668 2094 740 2159 talis
775 2093 913 2186 quidem
948 2096 1151 2161 inurbanitas

67 2220 137 2260 non
171 2213 280 2286 potest
317 2194 358 2257 ab
394 2195 462 2258 eius
500 2194 533 2257 in
570 2193 634 2258 hoe
668 2219 792 2286 genere
827 2195 1014 2259 morositate
1046 2194 1151 2260 aliena

66 2291 188 2359 videri.
240 2294 508 2359 Commemorata
533 2310 643 2358 autem
669 2291 757 2384 apud
786 2293 948 2358 Senecam
975 2293 1077 2384 Epist.
1105 2296 1152 2364 89

69 2392 237 2457 dossenni
280 2408 535 2456 mouumentum
569 2411 667 2483 atque
702 2391 847 2481 soplu'un
883 2390 1050 2456 dossenui
1085 2418 1151 2458 noo

68 2491 257 2557 necessario
303 2488 346 2555 ad
392 2507 521 2581 poetam
560 2493 774 2557 Dossennum
817 2509 990 2582 spectare,
1038 2516 1150 2557 verum

68 2589 208 2656 liberius
249 2613 351 2683 genus
385 2588 629 2680 interpretandi
671 2588 763 2656 nullo
798 2591 933 2682 negotio
966 2588 1152 2671 admittere,

70 2690 148 2755 satis
174 2689 240 2752 iam
265 2687 421 2754 ll‘lunlrius
449 2687 625 2780 disputavit
652 2687 693 2753 tle
716 2689 778 2753 sab.
805 2687 905 2754 Atell.
931 2714 963 2779 p.
991 2690 1047 2757 35.
1090 2689 1152 2755 Re-

71 2805 134 2854 stat
158 2786 258 2852 Plinii
280 2787 505 2853 testimonium
533 2790 574 2854 N.
601 2788 641 2852 ll.
664 2788 755 2866 XIV,
785 2788 838 2867 13,
865 2787 921 2865 92,
954 2786 1045 2878 quod
1072 2813 1152 2877 per-

54 2888 264 2977 scripsimus
295 2916 324 2976 p.
336 2901 400 2958 370
414 2911 464 2977 sq.
491 2886 541 2951 lbi
577 2887 676 2977 igitur
703 2910 776 2951 cum
803 2885 887 2949 haee
913 2900 1060 2951 exstent:
1084 2885 1155 2952 Sed

70 2983 198 3052 Fabius
231 2986 433 3051 Dossennus
469 2983 521 3049 his
556 2983 705 3048 versibus
742 2982 897 3048 decernit
908 3029 1003 3049 .....
1044 3000 1078 3049 et
1115 2989 1151 3051 in

72 3081 312 3151 Acharistione
326 3131 422 3149 .....
430 3109 437 3147 :
462 3084 508 3149 eis
525 3081 661 3174 quidem
679 3084 789 3148 verbis
806 3081 965 3175 Rerglrius
991 3085 1152 3176 sagaciter

70 3201 163 3274 putat
190 3208 259 3249 non
284 3185 453 3250 Dossenni
477 3207 589 3248 versus
612 3181 696 3262 dici,
728 3181 789 3249 sed
816 3181 998 3260 Plautinos,
1031 3184 1151 3274 quibus

71 3281 207 3373 quidem
231 3300 478 3356 controversam
506 3283 733 3374 quaestionem
759 3280 917 3346 dirimere
941 3281 1059 3372 aliquis
1085 3283 1151 3348 sive

69 3379 231 3448 litteratus
258 3382 324 3448 sire
347 3380 588 3446 iureconsultus
611 3381 638 3446 F
641 3381 733 3445 abins
759 3383 952 3446 Dorsennus
975 3381 1154 3471 perhibea-

72 3496 140 3546 tur:
173 3479 455 3572 qremadmodom
492 3477 631 3545 eandem
664 3479 859 3544 sententiam
895 3477 976 3543 item
1002 3478 1152 3547 Plautino
1208 3515 1213 3526 ·

71 3603 168 3644 versu
195 3580 433 3670 comprobasse
454 3576 629 3658 Scaevola,
668 3577 783 3643 Aelius
819 3595 851 3643 et
875 3578 1004 3642 Atteins
1037 3579 1098 3644 Icti
1135 3607 1154 3645 a

70 3676 178 3743 Plinio
205 3680 313 3743 statim
350 3695 426 3769 post
452 3695 634 3742 narrantur.
686 3679 759 3758 Quo
795 3674 895 3742 etde
922 3676 1152 3744 Acharistione

70 3775 220 3841 Plautina
255 3775 365 3842 fabula
399 3777 622 3843 testimonium
659 3777 844 3841 Nonianum
882 3779 1076 3856 convenire,
1120 3795 1153 3844 ct

71 3871 155 3940 illud
180 3873 291 3967 aliqua
318 3901 357 3942 ex
380 3895 473 3966 porte
500 3871 607 3939 videri
633 3874 877 3941 accommodari
903 3899 1023 3966 posse,
1061 3877 1152 3968 quod

69 3973 192 4040 Fabiae
213 3975 320 4068 gentis
345 3991 613 4066 cognomentum,
638 3973 666 4039 si
685 3977 792 4039 minus
812 3976 922 4065 ipsum
934 3975 1151 4052 Dorsennus,

70 4089 99 4137 at
124 4071 242 4139 saltem
261 4074 374 4140 Dorso
396 4072 450 4140 vel
477 4072 613 4139 fortasse
627 4073 762 4138 Dorsuo
787 4091 890 4139 exstet
916 4072 1005 4165 apud
1023 4075 1151 4140 Livium

15 4224 31 4291 ι
71 4191 101 4237 et
136 4171 308 4237 Valerium
339 4173 531 4237 Maximum.
566 4207 613 4219 —
647 4173 738 4254 Quae
774 4176 801 4238 si
834 4196 901 4238 non
936 4175 1007 4238 sine
1042 4171 1152 4264 aliqua

71 4270 305 4360 probabilitate
343 4269 507 4363 disputata
549 4289 643 4346 sunt,
680 4273 843 4338 Dossenni
886 4295 1009 4337 nornen
1052 4274 1149 4339 etiam

68 4399 95 4459 p.
112 4387 173 4443 lto
201 4389 234 4436 et
255 4387 316 4444 196
340 4371 435 4436 nobis
469 4369 690 4437 omittendum
727 4390 805 4437 erat.
842 4405 886 4416 -
921 4369 1009 4435 Illud
1043 4390 1152 4438 antem

70 4467 140 4535 lieri
165 4468 260 4544 nullo
287 4469 387 4536 modo
419 4487 554 4561 potest,
587 4467 678 4559 qnod
704 4467 868 4560 placuisse
900 4468 1065 4536 Muellero
1105 4476 1149 4534 vi-

72 4565 153 4652 deo,
189 4588 224 4636 ut
247 4569 458 4636 dorsertnurrr
483 4569 696 4634 lloratianum
720 4569 981 4658 interpretemur
1007 4570 1150 4634 inundo*

72 4690 159 4731 com:
188 4668 282 4761 quod
298 4667 357 4735 ille
384 4668 560 4734 utiaceret
581 4685 688 4734 motus
715 4685 765 4732 cst
790 4684 870 4758 puto
893 4665 1051 4733 edacibus
1079 4671 1151 4760 epi-
