2820 5332
248 715 321 790 576
567 739 606 781 tx.
657 739 699 783 na
728 735 1012 781 tureueoturtotut

248 909 330 976 milti
355 906 434 975 libri
459 931 554 973 usum
577 904 737 974 consolita
761 903 942 971 liberalitas
965 927 1036 970 ntes
1059 875 1137 969 'viar'
1153 903 1336 986 concessit,

249 1048 316 1118 quo
344 1041 379 1090 et
400 1022 507 1090 carius
530 1040 629 1114 caput
655 1040 689 1089 et
710 1020 830 1089 clarius
858 1001 1051 1111 exemplum
1076 1019 1162 1082 iuter
1178 1016 1337 1109 philolo-

251 1164 310 1233 gos
336 1137 465 1204 nullum
492 1136 643 1216 habeam,
668 1138 777 1208 licoat
804 1135 934 1203 Geumi.
978 1135 1080 1201 Cuius
1107 1151 1172 1199 tam
1197 1133 1341 1225 officio:

251 1278 307 1321 sae
329 1251 490 1319 amicitiae
515 1276 605 1319 nunc
631 1252 696 1319 hoc
721 1274 857 1343 quoque
883 1249 1006 1328 debeo,
1032 1247 1133 1340 quod,
1156 1272 1256 1340 quam
1286 1249 1332 1313 ab

248 1369 508 1461 auspicatissimo
534 1369 668 1434 nomine
695 1390 831 1432 exorsus
856 1389 947 1445 strat,
982 1388 1051 1431 non
1081 1365 1187 1429 minus
1215 1364 1334 1456 auspi-

250 1502 323 1552 cato
348 1484 413 1550 iam
438 1481 643 1551 concludere
667 1479 923 1574 disputationem
948 1479 1038 1546 licet

552 2174 1018 2246 EPIMETRVM.

629 2365 669 2417 De
688 2364 789 2417 lacunis
806 2364 949 2418 Trinummi.

744 2567 836 2581 m

318 2714 370 2782 De
394 2714 557 2781 duabus
582 2713 753 2783 lacunis
780 2718 968 2783 Trinummi
994 2743 1093 2809 supra
1119 2713 1327 2814 p.5608qq.

246 2831 319 2900 573
334 2856 382 2925 sq.
411 2834 547 2925 egimus.
575 2834 724 2899 Tertia
751 2851 919 2925 protracto
946 2834 987 2898 ab
1012 2832 1139 2925 Angelo
1165 2835 1255 2901 Maio
1286 2859 1343 2900 οῖ’

245 2947 467 3014 Ambrosiano
490 2945 608 3013 codice
625 2945 790 3014 versiculo
818 2947 951 3040 expleta
981 2967 1039 3034 est,
1067 2975 1166 3040 quem
1190 2950 1255 3013 iam
1275 2950 1329 3014 in-

244 3079 297 3128 ter
322 3062 382 3143 Ill,
409 3063 443 3144 3,
473 3064 515 3130 17
542 3078 575 3127 et
603 3065 647 3132 18
672 3063 873 3129 recentiores
901 3063 1063 3130 editiones
1090 3088 1206 3129 omnes
1231 3064 1330 3128 exhi-

245 3177 335 3244 beat
402 3179 583 3260 Quartae
614 3177 790 3245 lacunae
823 3176 930 3243 eidem
959 3177 1047 3246 libro
1073 3178 1235 3245 indicium
1264 3179 1327 3244 de·

245 3293 373 3360 bemus.
422 3293 509 3359 Nam
532 3293 612 3374 ll,4
639 3319 714 3362 cum
736 3293 833 3388 vulgo
857 3294 891 3359 hi
918 3319 992 3361 sese
1018 3320 1130 3369 versus
1154 3296 1328 3387 excipiant

247 3409 370 3501 usqe

342 3522 516 3599 Piscator,
537 3527 649 3615 pistor
674 3523 826 3601 obstulit,
852 3526 949 3602 lanii,
972 3530 1083 3619 coqui,

348 3637 521 3715 Olitores,
547 3640 753 3731 myropolae,
779 3665 932 3733 artcupes.
960 3643 1066 3734 coustt
1088 3646 1165 3718 circ,

347 3755 458 3843 Quam
480 3758 512 3820 si
536 3770 572 3821 tu
598 3754 724 3821 obicias
738 3760 902 3842 formicis
923 3782 1128 3849 papaverem
1152 3791 1198 3806 --
1209 3804 1222 3833 ,

244 3891 312 3934 uno
336 3887 411 3936 ante
439 3867 591 3936 ultimum
616 3896 715 3939 versu
746 3874 963 3964 integriorem
993 3874 1205 3966 cognovimus
1239 3873 1323 3939 Am-

243 3983 445 4065 brosianum,
472 3985 535 4052 sed
556 4010 596 4054 eo
618 4005 683 4053 tam
707 3986 865 4069 evanido,
891 4006 927 4055 ut
952 4013 1020 4054 non
1045 3989 1107 4053 nisi
1136 3987 1212 4068 has,
1239 4012 1325 4079 quas

241 4099 329 4165 insra
354 4102 546 4193 posuimus,
581 4101 708 4170 litteras
736 4106 896 4170 extricare
921 4105 1143 4198 potuerimus,
1180 4128 1327 4195 quarum

239 4253 546 4269 w

347 4363 432 4399 meum
452 4346 579 4415 quendam
598 4362 711 4400 emomm
729 4349 998 4417 animadvertop.5lb
1012 4351 1182 4402 commissum.
1200 4348 1241 4402 lbi
1255 4353 1328 4406 coint

347 4442 416 4508 quod
436 4443 492 4493 Nisi
510 4451 538 4494 tu
553 4459 593 4493 ms
610 4444 722 4495 mihimet
739 4460 784 4511 pro
799 4446 856 4498 Nisi
873 4454 924 4497 tute
942 4445 1062 4498 mittete
1080 4445 1244 4497 scribendum
1263 4462 1328 4501 esso

346 4535 409 4600 dixi,
428 4536 454 4587 id
473 4553 531 4588 cum
549 4553 613 4591 tuus
630 4540 775 4592 meditando
793 4543 959 4606 invenissem,
978 4557 1026 4593 nec
1037 4542 1185 4594 recordatus
1202 4558 1261 4594 aum
1275 4559 1329 4596 uec

348 4640 454 4698 propter
471 4634 619 4702 neglectam
632 4633 747 4703 aliquam
772 4636 921 4690 schedulam
946 4637 999 4690 ridi
1016 4640 1042 4690 in
1061 4640 1118 4706 ipsu
1139 4645 1243 4689 exstare
1261 4640 1328 4692 Am.

346 4725 478 4783 brutiano.
