2820 5332
433 709 574 756 arnaria
597 713 835 758 rrnaurrtrxa.
1100 690 1171 761 593

94 896 218 975 quanto
244 878 288 947 de
313 878 436 962 studio,
464 881 520 947 uhi
545 898 579 947 tu
599 904 736 976 quoque
762 881 805 949 ad
831 883 899 950 eius
919 884 1094 953 amicitiam
1110 883 1173 952 de·

97 995 164 1063 dita
189 1020 290 1089 opera
317 1012 348 1062 te
373 994 616 1089 applicaveris,
650 999 692 1064 sit
723 996 948 1092 amplexuros.
1010 999 1179 1068 Chremes¹

97 1129 205 1179 autem
231 1109 340 1178 eidem
367 1110 513 1180 Chalino
539 1111 767 1205 respondens,
796 1114 868 1195 etsi,
892 1112 1019 1207 inquit,
1042 1113 1086 1181 de
1109 1117 1176 1182 lilia

27 1214 35 1247 ''
99 1225 343 1320 despondenda
378 1210 582 1320 aliquamdiu
615 1227 675 1295 tihi
709 1250 782 1294 sum
822 1226 1030 1309 adversatus,
1068 1247 1178 1296 tamen

97 1343 164 1411 hoc
186 1366 257 1410 non
279 1339 445 1434 impediit,
473 1344 649 1435 quominus
672 1343 795 1411 honam
819 1341 969 1409 indolem
989 1363 1077 1411 tuam
1092 1369 1179 1411 sem-

97 1480 161 1549 per
185 1472 398 1548 perspectam
425 1457 594 1524 haberem.
622 1459 662 1523 Ei
688 1459 739 1524 rei
765 1457 869 1525 fidem
891 1458 1064 1555 additurus
1083 1462 1179 1526 Pam-³

98 1570 210 1666 philus
237 1597 296 1639 suo
323 1574 425 1666 ipsius
453 1572 606 1666 exemplo
631 1574 847 1641 utitu1·:nam
873 1599 891 1640 a
914 1600 948 1641 se
965 1598 1100 1668 quoque
1117 1586 1180 1669 per'

100 1687 238 1782 aliquod
271 1706 401 1781 tempus
436 1687 582 1754 alienum
609 1688 826 1755 Chremetem
866 1669 975 1755 tame'n
1009 1692 1044 1756 in
1067 1715 1181 1758 veram

102 1803 237 1895 gratiam
259 1799 329 1868 sine
352 1824 444 1869 mora
470 1800 608 1868 redisse.
651 1801 749 1886 Quod
776 1802 975 1870 confirmans
1001 1826 1111 1884 senex,
1137 1800 1181 1872 ita¹

100 1934 158 1996 est,
181 1919 300 2011 inquit,
328 1931 361 1984 et
384 1918 529 1985 Charino
556 1916 656 1984 filiam
683 1944 759 1985 cum
781 1911 859 1985 dote
885 1917 1038 2012 spondet.
1069 1922 1182 2013 Atque

102 2031 185 2098 haee
210 2030 325 2125 paullo
351 2033 486 2098 uberius
513 2031 761 2125 explicavimus,
785 2051 819 2098 ut
844 2032 952 2114 simul,
979 2060 1039 2101 cur
1063 2063 1111 2103 vv.
1127 2039 1180 2106 t8.

104 2145 148 2214 19
174 2147 492 2240 transposuissemus
507 2197 517 2228 ,
543 2165 732 2239 appareret.
783 2150 866 2215 Nam
893 2173 960 2214 non
986 2167 1097 2242 potest
1122 2176 1184 2217 no-

103 2278 169 2327 stra
192 2263 356 2330 sententia
382 2261 450 2331 ullo
478 2263 615 2329 artifieio
649 2263 705 2330 hie
737 2261 821 2331 ordo
847 2288 1004 2330 versuum
1031 2264 1185 2333 defendi:

201 2377 359 2447 Studium
384 2375 512 2443 exinde
536 2393 573 2443 ut
599 2382 675 2457 erit,
701 2393 774 2443 tute
800 2383 1057 2446 existimaveris.

199 2494 249 2563 Id
271 2499 321 2560 ito
346 2519 432 2570 esse,
447 2496 577 2581 facere
602 2498 835 2573 coniecturam
860 2519 904 2559 ex
929 2521 981 2561 me
1005 2496 1095 2564 lieet.
1156 2491 1182 2515 ⁸

200 2608 345 2680 Alienus
371 2609 415 2676 ab
441 2626 475 2676 te
504 2626 633 2687 tamen,
658 2614 717 2700 qui
737 2626 773 2676 tu
799 2633 902 2687 esses,
928 2635 1100 2681 noveram.

201 2729 262 2794 Ita
284 2751 339 2792 res
365 2742 427 2792 est.

103 2846 194 2929 Quos
221 2866 422 2936 quacunque
452 2844 580 2909 ratione
612 2839 752 2908 diversis
785 2843 939 2934 personis
962 2841 1184 2926 distribueris,¹

103 2985 200 3027 sanus
226 2977 259 3025 et
283 2957 426 3051 simplex
447 2980 552 3024 nexus
578 2959 818 3024 sententiarum
845 2956 1099 3027 desiderabitur.
1139 2963 1186 3029 Vt

106 3077 195 3143 enim
229 3073 394 3141 secundus
435 3098 475 3138 ex
512 3072 562 3138 his
601 3097 712 3139 versus
748 3072 924 3166 Pamphilo
965 3078 1187 3156 continuetur,

104 3191 187 3286 quid
213 3189 346 3257 tandem
371 3187 542 3280 idipsum
572 3212 645 3255 esse
671 3186 828 3267 dicamus,
856 3187 948 3281 quod
976 3217 993 3256 e
1018 3193 1185 3291 Pamphili

107 3306 262 3400 exemplo
290 3304 450 3397 colligere
477 3303 641 3370 Charinus
667 3304 843 3371 iubeatur?
906 3305 1069 3374 Nimirum
1104 3308 1187 3391 fore}

100 3444 138 3492 ut
157 3447 275 3517 magno
303 3445 377 3488 eum
402 3418 512 3487 studio
539 3418 701 3485 Chremes
727 3419 955 3513 amplectatur.
993 3424 1096 3519 Atqui
1113 3450 1185 3495 non

102 3544 167 3610 ho'c
194 3539 304 3634 potius
333 3535 509 3629 superiore
544 3557 642 3601 versu
676 3533 801 3618 dietum
834 3554 919 3619 erat,
955 3564 1054 3632 quam
1088 3540 1183 3619 illud,

102 3658 194 3752 quod
213 3658 280 3754 etsi
305 3656 340 3719 in
372 3649 512 3718 eandem
538 3652 737 3718 sententiam
762 3651 859 3731 valet,
886 3672 995 3719 tamen
1016 3655 1182 3748 cogitandi

103 3777 209 3843 forma
240 3772 423 3885 plapimum
455 3765 638 3860 discrepat,
669 3767 783 3847 facile,
821 3767 919 3859 quale
953 3767 998 3833 tui
1034 3769 1181 3839 studium

103 3890 292 3959 Chremetis
314 3887 460 3952 saturum
486 3884 544 3965 sit,
587 3882 832 3948 existimaveris.
889 3880 1017 3964 Quodsi
1041 3885 1180 3954 subiun-

103 4024 197 4101 gatur
223 4000 260 4068 id
284 4006 334 4066 ita
358 4024 454 4075 esre,
486 3997 553 4064 hoc
587 3994 780 4061 tantundem
813 3995 913 4061 luerit
938 4021 977 4062 ae
1002 4012 1036 4064 te
1059 4004 1179 4070 existi.

103 4132 271 4191 mattarum
289 4139 370 4196 esse,
396 4113 495 4209 quale
504 4116 667 4200 futurem
689 4113 732 4175 sit
756 4109 921 4177 studium:
947 4110 984 4179 id
1008 4115 1102 4209 quod
1116 4120 1176 4186 ab.

103 4237 242 4306 surdum
267 4250 323 4298 est.
380 4226 513 4296 Deinde
545 4245 582 4293 ut
615 4243 707 4291 recte
739 4227 872 4293 tertium
900 4231 1178 4304 verseminse'1·at

103 4353 279 4429 Chremes,
301 4365 408 4412 tamen
434 4343 525 4411 idem
551 4339 722 4436 quomodo
747 4341 857 4434 potuit
882 4340 1055 4440 deinceps,
1078 4322 1106 4418 si
1121 4375 1177 4418 sa.

100 4488 215 4565 peret,
255 4472 306 4532 ita
332 4476 395 4529 res*
411 4477 463 4526 est
488 4457 665 4527 adiicere?
728 4459 817 4526 Haec
850 4475 958 4527 autem
989 4465 1091 4531 verba
1118 4470 1176 4561 qui

100 4585 260 4679 proximis
287 4580 333 4646 sie
359 4581 478 4643 iunxit:
506 4578 565 4642 Ita
588 4600 644 4642 res
672 4592 741 4640 est:
772 4592 917 4666 gnatam
939 4575 1003 4644 tibi
1026 4604 1054 4647 o.
1081 4608 1114 4676 q.
1140 4609 1176 4668 a,

104 4701 170 4770 dici
199 4699 317 4792 nequit
349 4718 446 4787 quam
483 4709 515 4759 ct
540 4691 691 4758 inusitate
719 4708 750 4758 et
773 4693 898 4786 inepte·
915 4689 1108 4786 loquentem
1122 4686 1179 4769 *se-

911 4807 958 4879 38
