2820 5332
228 645 300 719 424
638 678 692 722 vn.
719 677 762 718 ue
784 672 900 717 atavrt

225 844 292 913 Vbi
318 849 386 910 ium
410 846 548 912 accessit
572 870 590 910 e
615 846 741 914 Vetere
768 841 887 910 codiee
910 843 1108 909 Camerarii.
1168 842 1311 911 lllorum

224 961 325 1050 igitur
350 984 502 1029 versuum
525 959 626 1026 fidem
652 961 940 1052 operaepretium
965 976 1016 1023 est
1031 957 1158 1039 audire,
1184 961 1313 1052 quibus

205 1061 423 1167 argumentis
447 1074 600 1141 Osannus
626 1075 836 1166 impugnarit
892 1071 995 1163 Quod
1006 1073 1182 1140 ⁴Cia-eroni
1201 1077 1249 1142 ait
1270 1081 1312 1143 in

223 1190 294 1257 Pis.
321 1194 367 1259 25
399 1188 443 1254 cle
469 1215 560 1256 vana
581 1189 816 1283 triumphandi
836 1187 1023 1279 eupiditate
1047 1204 1083 1254 et
1103 1188 1218 1275 studio
1244 1191 1311 1258 de.

223 1304 370 1369 elamore
396 1306 500 1381 licet,
526 1330 598 1371 non
624 1305 714 1371 idem
737 1330 760 1370 u
784 1301 910 1373 Plauto
935 1304 1007 1370 diei
1026 1321 1189 1395 poterat,
1212 1311 1310 1373 cuius

220 1436 372 1486 aetutem
399 1426 455 1487 vix
477 1423 677 1514 plusquam
703 1421 771 1487 duo
804 1419 981 1512 triumphi,
1023 1421 1114 1484 ulter
1148 1417 1313 1490 Marcelli

217 1560 253 1633 'a
287 1539 328 1604 V.
356 1537 393 1604 C.
428 1539 523 1613 531,
560 1538 651 1603 alter
684 1534 724 1605 P.
765 1536 937 1628 Scipionis
967 1533 1135 1621 Africani
1166 1561 1198 1600 u.
1235 1536 1309 1607 549

133 1629 140 1644 ⁸
224 1647 340 1738 [immo
369 1649 455 1740 552]
478 1657 691 1745 attigeruut5
716 1677 781 1744 quo
803 1671 954 1744 tempore
978 1638 1165 1718 siPluutus
1187 1657 1309 1718 trium-

218 1766 354 1859 plraudi
376 1791 503 1834 morem
529 1785 565 1835 ut
588 1769 886 1862 pervulgatumet
914 1771 1034 1832 tritum
1052 1771 1305 1858 propinavirret

222 1881 468 1959 deridendum,
506 1908 578 1949 uon
602 1900 719 1976 posset
749 1907 820 1948 non
850 1887 986 1973 ineptus
1012 1881 1128 1951 videri.
1180 1879 1241 1949 Ad
1264 1906 1309 1947 ea

221 2001 337 2087 potius
353 2014 508 2089 tempora
519 1995 704 2066 Plautinus
724 1999 816 2063 locus
831 2013 976 2088 spectat,
1005 1995 1063 2060 ubi
1073 1997 1310 2090 triumphandi

211 2117 388 2206 frequens
411 2139 491 2179 usus
516 2119 553 2179 in
579 2114 720 2180 abusum
744 2129 903 2182 verterat.
956 2115 1049 2195 Quae
1078 2114 1134 2176 ubi
1161 2121 1307 2204 primum

220 2228 384 2320 legebam,
408 2227 613 2321 aliquamdiu
638 2231 738 2294 animi
764 2231 989 2321 perturbatus,
1015 2253 1093 2294 mox
1118 2227 1208 2294 velut
1229 2228 1307 2295 lon-

221 2345 362 2435 ginquae
387 2345 568 2410 memoriae
589 2343 827 2413 recordatione
855 2343 898 2410 de
925 2344 1009 2409 Livii
1033 2347 1069 2408 iu
1096 2343 1159 2410 hoe
1177 2366 1305 2433 genere

222 2457 393 2550 diligentia
425 2458 612 2526 admonitus
648 2461 748 2551 coepi
775 2459 1022 2551 triumphorum
1053 2456 1206 2550 exempla
1238 2460 1308 2524 eir-

221 2575 440 2666 cumspieere,
466 2592 599 2666 reperta
622 2575 817 2667 disponere,
842 2576 1101 2667 conquisitorum
1127 2598 1306 2639 numerum

223 2707 435 2781 computare,
468 2716 541 2756 cum
574 2690 671 2758 lectis
694 2690 897 2783 relectisque
925 2689 1050 2755 Osauni
1076 2690 1185 2754 vorbis
1214 2713 1306 2755 com·

220 2830 358 2898 parare:
400 2823 569 2896 postremo
605 2808 658 2872 vix
692 2807 771 2870 mihi
798 2806 870 2896 ipse
901 2830 968 2871 uon
1002 2804 1157 2870 diflidens
1197 2823 1307 2870 tamen

223 2919 366 2987 credere
392 2946 463 2987 sum
491 2942 646 3001 coactus,
688 2921 782 3014 quod
813 2923 981 3013 persuasit
1012 2921 1186 2987 oculorum
1210 2918 1305 2984 fides.

223 3036 358 3128 Quippe
386 3040 533 3130 quinque
559 3040 600 3103 ab
627 3040 711 3103 urbe
739 3034 1050 3114 condita-saeculis,
1076 3037 1103 3100 si
1126 3061 1168 3100 ne
1189 3060 1315 3128 regum·
1347 3054 1348 3059 ’

224 3140 360 3245 quidem
388 3172 539 3244 tempora
567 3154 868 3246 praetermittimus,
896 3153 1132 3244 triumphatum
1155 3168 1203 3216 est
1229 3175 1308 3215 ceu-

224 3266 286 3333 tiea
325 3270 602 3361 vicies-septies,
643 3271 683 3333 ab
719 3269 812 3334 initio
849 3287 957 3333 autom
988 3268 1073 3332 sexti
1109 3265 1231 3332 saeculi
1266 3264 1308 3330 ad

224 3400 364 3449 mortem
390 3386 498 3450 Macci
512 3383 628 3462 Plauti,
656 3409 740 3476 quae
766 3381 889 3448 accidit
913 3379 1196 3472 a.569capir01.,
1224 3405 1307 3471 qua-

226 3494 358 3587 dragies
385 3499 455 3575 bis,
495 3500 558 3565 hoo
589 3518 650 3565 est
681 3498 943 3592 quadragies
976 3516 1153 3589 praeter
1186 3497 1306 3561 bina-

225 3612 334 3678 rium
371 3638 587 3680 numerum
621 3616 807 3693 Osanni,
845 3617 992 3706 itemque
1028 3630 1160 3705 praeter
1183 3612 1309 3678 ovatio-

226 3725 334 3812 nes.*)
388 3728 515 3811 Quodsi
550 3733 623 3823 quis
655 3748 780 3798 tantum
810 3731 966 3795 aberrare
994 3755 1012 3793 a
1036 3731 1173 3793 veritate
1200 3727 1309 3792 Osan-

226 3870 305 3911 num
351 3849 496 3937 potuisse
539 3846 686 3926 diffidat,
724 3845 848 3913 suadeo
887 3863 923 3910 ut
966 3845 1080 3910 Fastos
1118 3840 1310 3909 consulares

227 3977 260 4025 et
287 3961 500 4051 triumphales
524 3961 636 4038 adeat,
662 3961 751 4028 velut
776 3960 906 4052 pridem
935 3961 975 4024 ab
1014 3956 1191 4049 Ouuphrio
1226 3957 1311 4019 Pan·

227 4076 314 4142 viniu
343 4079 542 4167 compositos
569 4080 603 4143 in
627 4077 705 4146 edit.
732 4080 850 4144 Venet.
888 4102 916 4139 a.
950 4077 1039 4143 1557
1074 4100 1106 4165 p.
1135 4075 1311 4162 ‘lOOsqq-‚

228 4189 283 4257 vel
304 4192 344 4256 ab
372 4192 506 4283 Sigonio
534 4194 637 4285 Oper.
664 4219 752 4260 omn.
783 4193 833 4259 ed.
861 4190 998 4259 Mediol.
1026 4216 1052 4254 a.
1081 4189 1172 4257 1732
1200 4185 1264 4252 vol.
1284 4186 1312 4262 I,

228 4329 263 4403 p.
294 4309 330 4371 11
349 4332 424 4398 sqq.
476 4308 572 4375 Nunc
595 4326 703 4375 autom
733 4308 1000 4399 persentiscisne‚
1024 4300 1312 4397 quamomnmodo

227 4481 463 4498 ρ--ῄ--ο

281 4577 308 4651 ⁶)
327 4576 415 4631 utrum
435 4587 475 4628 eat
491 4578 689 4646 Kampmauuun
709 4594 811 4651 quaqua
831 4579 878 4627 hor
897 4576 995 4647 tugiaaa
1014 4574 1112 4631 Coum.
1137 4575 1169 4625 de
1188 4573 1241 4624 reb.
1262 4574 1313 4624 rni-

328 4670 365 4721 lit.
385 4672 465 4724 Plauti
486 4690 511 4741 p.
530 4674 573 4727 tt.
