2820 5332
466 756 510 797 tx.
561 756 603 798 ott
631 751 918 799 lN'rBRPOLA'HONE

255 924 367 1000 Vide,
402 928 434 989 si
456 919 519 991 lto'c
544 923 661 992 utibile
685 923 763 1015 md„
748 928 797 990 vis
831 939 932 1016 atquc
959 927 998 989 in
1031 948 1103 990 rem
1128 920 1242 1019 deipn-

739 1056 815 1114 ias,

255 1155 293 1224 V
288 1171 302 1219 t
326 1151 451 1220 cideam
469 1149 705 1230 Lesbonicum,
732 1153 892 1220 edoceam
917 1170 955 1220 ut
980 1148 1035 1219 re's
1058 1177 1096 1220 se
1121 1153 1243 1222 babet.

157 1292 213 1360 Sic
241 1293 330 1359 enim
357 1309 406 1358 est
431 1293 466 1357 in
491 1291 656 1359 Palatinis.
715 1292 791 1360 Non
812 1311 923 1386 potest
947 1310 1055 1359 autem
1080 1293 1248 1386 Megaro-

155 1405 244 1472 nidis
272 1431 356 1486 esse,
383 1405 476 1473 adire
502 1407 740 1487 Lesbonicum,
767 1405 829 1473 sed
853 1404 1013 1474 Calliclis.
1051 1408 1121 1474 Nec
1148 1410 1247 1476 enim

156 1522 205 1588 illi
229 1521 367 1615 quidem
382 1524 561 1615 quicquam
579 1523 630 1588 rei
647 1539 696 1588 est
718 1547 792 1589 cum
810 1522 1010 1601 Lesbonico,
1035 1547 1100 1589 nec
1122 1547 1244 1590 caussa

156 1635 223 1702 ullo
249 1636 445 1730 intelligitur
471 1661 531 1703 cur
552 1638 586 1702 in
612 1653 716 1704 semet
734 1637 798 1705 hoc
818 1638 940 1730 negotii
960 1637 1117 1729 recipere
1136 1665 1243 1731 quem

159 1750 309 1829 Callicli,
341 1751 384 1818 ad
414 1777 514 1844 quem
537 1751 575 1818 id
599 1753 808 1845 pertinebat,
834 1753 1039 1821 committere
1064 1752 1158 1821 malit
1168 1803 1179 1833 ,
1207 1773 1245 1825 et

158 1846 204 1933 id
221 1869 355 1935 omnino
381 1869 457 1960 agit,
483 1886 519 1935 ut
545 1867 713 1946 Callici,
735 1891 804 1934 non
829 1868 914 1933 sibi
943 1867 1024 1960 quid
1047 1867 1243 1936 iaciendum

159 1984 202 2050 sit
230 1985 508 2051 comminiscitur.
571 1985 644 2067 Quo
671 1981 771 2076 longe
799 1984 1024 2076 gravissimum
1049 1983 1115 2052 hoc
1140 2008 1244 2052 acce-

158 2095 225 2177 dit,
252 2096 395 2190 qnod
370 2122 416 2164 src
440 2096 594 2164 Callicles
619 2096 826 2190 respondet:

259 2224 348 2299 V
292 2245 307 2293 t
331 2254 409 2320 ego
436 2255 527 2295 nurtc
551 2226 771 2296 adulescenti
789 2231 984 2296 tlrcsaurum
1006 2225 1172 2298 indicem

256 2339 433 2409 Indo'mito
444 2393 458 2422 ,
473 2345 583 2437 ¹pleno
606 2341 731 2411 ancdris
756 2370 797 2411 ac
822 2337 1009 2413 lasciviae?

159 2480 243 2546 Nam
267 2480 437 2571 prioribus
472 2479 611 2572 quidem
648 2483 885 2551 convenienter
909 2482 1091 2548 necessario
1115 2477 1243 2547 dicen-

160 2592 240 2658 dum
267 2611 338 2659 erat
362 2612 417 2660 aut
443 2611 479 2659 ut
505 2594 635 2660 indices
660 2613 715 2661 aut
740 2611 777 2660 ut
809 2593 959 2660 indicari
987 2600 1114 2689 patiar.
1174 2597 1243 2660 Pa·

161 2732 236 2773 rmu
262 2709 347 2773 enim
374 2706 524 2775 Plautum
551 2729 680 2788 norunt,
705 2711 763 2802 qui
789 2727 852 2775 tam
871 2710 1086 2804 incongruam
1112 2711 1244 2793 oratio-

161 2847 236 2889 nem
263 2823 292 2888 ei
317 2825 471 2890 tribuant.
521 2825 670 2918 Eamque
697 2849 841 2890 caussam
864 2824 965 2892 fuisse
992 2845 1149 2918 apparet,
1177 2857 1242 2896 cur

162 2940 196 3002 in
219 2937 332 3004 Italam
356 2940 589 3007 recensionem
617 2937 806 3030 corrigendi
832 2938 941 3008 studio
967 2940 1073 3007 odeas
1093 2978 1139 2992 -
1156 2944 1244 3010 cdo-

162 3076 241 3118 cear
265 3053 465 3135 inferretur,
492 3055 583 3148 quod
608 3056 709 3145 babet
733 3055 913 3146 Lipsiensis
936 3055 1055 3136 codex,
1080 3057 1243 3153 idemque

164 3194 204 3234 ex
227 3167 380 3236 editionis
407 3173 569 3263 principis
595 3171 758 3263 scriptura
783 3170 906 3236 adeam
923 3207 970 3220 -
996 3173 1140 3240 edoceas
1163 3176 1246 3244 Pius

161 3284 414 3379 saracenusque
441 3287 630 3366 efficerent,
656 3284 825 3352 Acidalius
851 3306 959 3354 autem
985 3292 1132 3381 quemvis
1157 3317 1245 3384 pes·

162 3399 312 3467 eumdeto
339 3420 444 3469 metro
471 3402 639 3495 probaret.
687 3400 781 3467 Idem
806 3404 968 3495 consequi
989 3428 1024 3470 se
1050 3428 1150 3496 posse
1176 3408 1244 3473 Bo-

163 3514 249 3581 thius
278 3516 414 3607 putabat
438 3517 647 3582 durissima'
637 3535 764 3584 invecta
789 3517 851 3584 hac
882 3520 1144 3586 constructione:
1183 3524 1243 3591 Vt

163 3635 286 3702 adeam
309 3637 532 3706 Lesbonicum
557 3639 713 3706 edoctum
737 3656 773 3705 ut
799 3664 854 3706 res
879 3665 915 3706 se
939 3587 1052 3708 babet.
1111 3644 1242 3712 Verio-

163 3777 237 3819 rem
263 3757 347 3819 viem
362 3755 598 3822 Ambrosianus
624 3775 783 3823 monstrat
808 3757 926 3849 Ipsum
952 3755 1139 3823 adeam—
1157 3760 1245 3827 cdo-

164 3892 259 3933 ccam
283 3872 464 3962 praebens.
520 3876 589 3938 Aut
609 3869 706 3937 sallor
731 3890 786 3939 aut
810 3870 938 3965 aliquid
960 3872 1152 3940 audendum
1179 3896 1243 3945 est.

165 3982 291 4068 Quodsi
314 3983 394 4051 olim
419 3987 579 4080 scriptum
604 3985 703 4052 suerit

260 4113 376 4207 Ipsum
404 4116 466 4185 a'di
490 4117 759 4200 adulescentem,
795 4112 900 4184 c'doce
933 4143 1008 4185 eum
1042 4123 1094 4185 uti
1125 4115 1183 4186 reis
1208 4147 1248 4188 se

750 4231 873 4309 habet
947 4326 1144 4372 ursaomcttu

70 4408 80 4459 ξι
165 4384 241 4450 setis
280 4385 484 4478 perspicitur
519 4336 688 4480 quomodo
723 4414 763 4455 ex
793 4389 1248 4463 ADIADULESCENTEM

75 4486 98 4496 '¹
163 4501 253 4567 nesci
293 4498 745 4572 ADEAMLESBONICUM
780 4507 949 4599 potnerit:
984 4504 1084 4573 unde
1120 4530 1248 4577 consc-

92 4638 271 4731 quens
294 4613 354 4681 suit
378 4613 560 4682 edoceeum
583 4635 621 4684 ut
644 4620 679 4686 in
703 4619 863 4686 edoceam
888 4620 1053 4691 nausiret.
1101 4622 1176 4690 Nisi
1202 4625 1249 4691 ab

92 4695 228 4799 hoc
251 4729 363 4824 potius
389 4731 581 4828 corruptela
606 4757 725 4804 exorre
752 4733 834 4806 illuc
866 4735 1081 4831 postmodum
1107 4742 1249 4834 serpsit.

70 4557 75 4603 l
