<?xml version="1.0" encoding="UTF-8"?>
<!DOCTYPE html PUBLIC "-//W3C//DTD XHTML 1.0 Transitional//EN"
    "http://www.w3.org/TR/xhtml1/DTD/xhtml1-transitional.dtd">
<html xmlns="http://www.w3.org/1999/xhtml" xml:lang="en" lang="en">
 <head>
  <title>
</title>
<meta http-equiv="Content-Type" content="text/html;charset=utf-8" />
  <meta name='ocr-system' content='tesseract 3.04.00' />
  <meta name='ocr-capabilities' content='ocr_page ocr_carea ocr_par ocr_line ocrx_word'/>
</head>
<body>
  <div class='ocr_page' id='page_1' title='image "./parergonplautin01ritsgoog_0073.png"; bbox 0 0 2820 5332; ppageno 0'>
   <div class='ocr_carea' id='block_1_1' title="bbox 172 779 989 845">
    <p class='ocr_par' dir='ltr' id='par_1_1' title="bbox 172 779 989 845">
     <span class='ocr_line' id='line_1_1' title="bbox 172 779 989 845; baseline -0.006 -2"><span class='ocrx_word' id='word_1_1' title='bbox 172 779 218 845; x_wconf 77' lang='lat'>34</span> <span class='ocrx_word' id='word_1_2' title='bbox 392 799 410 840; x_wconf 86' lang='grc' dir='ltr'>ι.</span> <span class='ocrx_word' id='word_1_3' title='bbox 436 800 477 841; x_wconf 78' lang='lat' dir='ltr'>on</span> <span class='ocrx_word' id='word_1_4' title='bbox 507 799 621 842; x_wconf 74' lang='lat' dir='ltr'>estvm</span> <span class='ocrx_word' id='word_1_5' title='bbox 648 800 775 843; x_wconf 77' lang='lat' dir='ltr'>eoem</span> <span class='ocrx_word' id='word_1_6' title='bbox 802 798 989 842; x_wconf 79' lang='lat' dir='ltr'>uoututots.</span> 
     </span>
    </p>
   </div>
   <div class='ocr_carea' id='block_1_2' title="bbox 94 968 1258 4257">
    <p class='ocr_par' dir='ltr' id='par_1_2' title="bbox 94 968 1258 4257">
     <span class='ocr_line' id='line_1_2' title="bbox 171 968 1258 1055; baseline -0.006 -13"><span class='ocrx_word' id='word_1_7' title='bbox 171 973 365 1043; x_wconf 73' lang='lat' dir='ltr'>auem-itate</span> <span class='ocrx_word' id='word_1_8' title='bbox 394 972 591 1037; x_wconf 77' lang='lat' dir='ltr'>confirmare</span> <span class='ocrx_word' id='word_1_9' title='bbox 620 972 684 1038; x_wconf 91' lang='lat' dir='ltr'>sibi</span> <span class='ocrx_word' id='word_1_10' title='bbox 710 973 779 1038; x_wconf 85' lang='lat' dir='ltr'>visi.</span> <span class='ocrx_word' id='word_1_11' title='bbox 831 974 979 1055; x_wconf 82' lang='lat' dir='ltr'>Quorum</span> <span class='ocrx_word' id='word_1_12' title='bbox 1012 995 1126 1037; x_wconf 81' lang='lat' dir='ltr'>rerum</span> <span class='ocrx_word' id='word_1_13' title='bbox 1154 968 1258 1038; x_wconf 89' lang='lat' dir='ltr'>docu-</span> 
     </span>
     <span class='ocr_line' id='line_1_3' title="bbox 168 1083 1257 1176; baseline 0 -27"><span class='ocrx_word' id='word_1_14' title='bbox 168 1103 281 1151; x_wconf 80' lang='lat' dir='ltr'>menta</span> <span class='ocrx_word' id='word_1_15' title='bbox 306 1083 440 1150; x_wconf 84' lang='lat' dir='ltr'>illorum</span> <span class='ocrx_word' id='word_1_16' title='bbox 466 1086 500 1148; x_wconf 91' lang='lat' dir='ltr'>in</span> <span class='ocrx_word' id='word_1_17' title='bbox 525 1086 696 1152; x_wconf 82' lang='lat' dir='ltr'>Asinariac</span> <span class='ocrx_word' id='word_1_18' title='bbox 723 1103 757 1151; x_wconf 91' lang='lat' dir='ltr'>et</span> <span class='ocrx_word' id='word_1_19' title='bbox 781 1084 980 1153; x_wconf 78' lang='lat' dir='ltr'>Met-catoris</span> <span class='ocrx_word' id='word_1_20' title='bbox 1011 1083 1171 1176; x_wconf 86' lang='lat' dir='ltr'><strong>prologos</strong></span> <span class='ocrx_word' id='word_1_21' title='bbox 1198 1109 1257 1150; x_wconf 81' lang='lat' dir='ltr'>an-</span> 
     </span>
     <span class='ocr_line' id='line_1_4' title="bbox 168 1172 1255 1290; baseline -0.002 -26"><span class='ocrx_word' id='word_1_22' title='bbox 168 1172 293 1266; x_wconf 74' lang='lat' dir='ltr'>nonno</span> <span class='ocrx_word' id='word_1_23' title='bbox 319 1197 521 1290; x_wconf 82' lang='lat' dir='ltr'>suppeditet</span> <span class='ocrx_word' id='word_1_24' title='bbox 572 1200 622 1264; x_wconf 81' lang='lat' dir='ltr'>Ex</span> <span class='ocrx_word' id='word_1_25' title='bbox 659 1200 711 1263; x_wconf 90' lang='lat' dir='ltr'>his</span> <span class='ocrx_word' id='word_1_26' title='bbox 737 1197 907 1289; x_wconf 81' lang='lat' dir='ltr'>proiectus</span> <span class='ocrx_word' id='word_1_27' title='bbox 934 1197 1178 1264; x_wconf 74' lang='lat' dir='ltr'>commentariis</span> <span class='ocrx_word' id='word_1_28' title='bbox 1205 1196 1255 1262; x_wconf 86' lang='lat' dir='ltr'>la-</span> 
     </span>
     <span class='ocr_line' id='line_1_5' title="bbox 168 1307 1254 1403; baseline -0.002 -25"><span class='ocrx_word' id='word_1_29' title='bbox 168 1315 232 1378; x_wconf 88' lang='lat' dir='ltr'>tius</span> <span class='ocrx_word' id='word_1_30' title='bbox 260 1336 356 1377; x_wconf 73' lang='lat' dir='ltr'>cerot-</span> <span class='ocrx_word' id='word_1_31' title='bbox 381 1312 504 1403; x_wconf 77' lang='lat' dir='ltr'>scepsit</span> <span class='ocrx_word' id='word_1_32' title='bbox 529 1309 559 1395; x_wconf 84' lang='lat'>*)</span> <span class='ocrx_word' id='word_1_33' title='bbox 584 1329 618 1376; x_wconf 86' lang='lat' dir='ltr'>et</span> <span class='ocrx_word' id='word_1_34' title='bbox 640 1327 677 1376; x_wconf 91' lang='lat' dir='ltr'>ut</span> <span class='ocrx_word' id='word_1_35' title='bbox 702 1312 739 1378; x_wconf 84' lang='lat' dir='ltr'>fit</span> <span class='ocrx_word' id='word_1_36' title='bbox 763 1307 806 1377; x_wconf 85' lang='lat' dir='ltr'>ed</span> <span class='ocrx_word' id='word_1_37' title='bbox 832 1318 977 1377; x_wconf 81' lang='lat' dir='ltr'>nostram</span> <span class='ocrx_word' id='word_1_38' title='bbox 1008 1309 1171 1403; x_wconf 82' lang='lat' dir='ltr'>deinceps</span> <span class='ocrx_word' id='word_1_39' title='bbox 1196 1336 1254 1376; x_wconf 87' lang='lat' dir='ltr'>ee-</span> 
     </span>
     <span class='ocr_line' id='line_1_6' title="bbox 168 1423 1255 1519; baseline -0.004 -25"><span class='ocrx_word' id='word_1_40' title='bbox 168 1445 268 1494; x_wconf 82' lang='lat' dir='ltr'>tatem</span> <span class='ocrx_word' id='word_1_41' title='bbox 296 1445 498 1519; x_wconf 78' lang='lat' dir='ltr'>propugatus</span> <span class='ocrx_word' id='word_1_42' title='bbox 523 1443 590 1506; x_wconf 90' lang='lat' dir='ltr'>est,</span> <span class='ocrx_word' id='word_1_43' title='bbox 623 1426 765 1518; x_wconf 79' lang='lat' dir='ltr'>graviter</span> <span class='ocrx_word' id='word_1_44' title='bbox 794 1423 851 1490; x_wconf 88' lang='lat' dir='ltr'>ille</span> <span class='ocrx_word' id='word_1_45' title='bbox 882 1424 1067 1491; x_wconf 79' lang='lat' dir='ltr'>admonens</span> <span class='ocrx_word' id='word_1_46' title='bbox 1091 1425 1255 1518; x_wconf 83' lang='lat' dir='ltr'>Epichar-</span> 
     </span>
     <span class='ocr_line' id='line_1_7' title="bbox 166 1533 1253 1632; baseline -0.003 -26"><span class='ocrx_word' id='word_1_47' title='bbox 166 1540 252 1606; x_wconf 82' lang='lat' dir='ltr'>miec</span> <span class='ocrx_word' id='word_1_48' title='bbox 279 1540 458 1631; x_wconf 78' lang='lat' dir='ltr'>sapientiae</span> <span class='ocrx_word' id='word_1_49' title='bbox 484 1540 531 1606; x_wconf 86' lang='lat' dir='ltr'>sic</span> <span class='ocrx_word' id='word_1_50' title='bbox 556 1538 638 1606; x_wconf 88' lang='lat' dir='ltr'>olim</span> <span class='ocrx_word' id='word_1_51' title='bbox 664 1539 922 1632; x_wconf 74' lang='lat' dir='ltr'>praecipientis:</span> <span class='ocrx_word' id='word_1_52' title='bbox 962 1539 1059 1631; x_wconf 77' lang='grc' dir='ltr'>νᾶφε</span> <span class='ocrx_word' id='word_1_53' title='bbox 1093 1533 1156 1604; x_wconf 77' lang='grc' dir='ltr'>καὶ</span> <span class='ocrx_word' id='word_1_54' title='bbox 1190 1535 1253 1628; x_wconf 84' lang='grc' dir='ltr'><strong><em>με’-</em></strong></span> 
     </span>
     <span class='ocr_line' id='line_1_8' title="bbox 166 1650 1253 1744; baseline -0.001 -26"><span class='ocrx_word' id='word_1_55' title='bbox 166 1659 279 1741; x_wconf 72' lang='lat' dir='ltr'>pvtto’</span> <span class='ocrx_word' id='word_1_56' title='bbox 305 1651 490 1719; x_wconf 79' lang='grc' dir='ltr'><strong><em>ἀπιστεῖν.</em></strong></span> <span class='ocrx_word' id='word_1_57' title='bbox 541 1655 584 1719; x_wconf 85' lang='lat' dir='ltr'>Et</span> <span class='ocrx_word' id='word_1_58' title='bbox 610 1651 834 1719; x_wconf 84' lang='lat' dir='ltr'>diversissimo</span> <span class='ocrx_word' id='word_1_59' title='bbox 857 1650 997 1744; x_wconf 87' lang='lat' dir='ltr'>quidem</span> <span class='ocrx_word' id='word_1_60' title='bbox 1018 1677 1096 1720; x_wconf 78' lang='lat' dir='ltr'>cusu</span> <span class='ocrx_word' id='word_1_61' title='bbox 1121 1671 1253 1720; x_wconf 85' lang='lat' dir='ltr'>contra-</span> 
     </span>
     <span class='ocr_line' id='line_1_9' title="bbox 164 1764 1250 1858; baseline -0.001 -25"><span class='ocrx_word' id='word_1_62' title='bbox 164 1769 251 1833; x_wconf 81' lang='lat' dir='ltr'>rium</span> <span class='ocrx_word' id='word_1_63' title='bbox 274 1767 389 1834; x_wconf 75' lang='lat' dir='ltr'>Plnuto</span> <span class='ocrx_word' id='word_1_64' title='bbox 416 1787 514 1858; x_wconf 81' lang='lat' dir='ltr'>atquc</span> <span class='ocrx_word' id='word_1_65' title='bbox 540 1764 816 1833; x_wconf 55' lang='lat' dir='ltr'>Gellio‘eccidit:</span> <span class='ocrx_word' id='word_1_66' title='bbox 856 1767 912 1833; x_wconf 90' lang='lat' dir='ltr'>hic</span> <span class='ocrx_word' id='word_1_67' title='bbox 943 1766 1033 1833; x_wconf 85' lang='lat' dir='ltr'>enim</span> <span class='ocrx_word' id='word_1_68' title='bbox 1065 1785 1102 1834; x_wconf 93' lang='lat' dir='ltr'>ut</span> <span class='ocrx_word' id='word_1_69' title='bbox 1137 1792 1178 1833; x_wconf 84' lang='lat' dir='ltr'>cx</span> <span class='ocrx_word' id='word_1_70' title='bbox 1209 1770 1250 1832; x_wconf 81' lang='lat' dir='ltr'>A.</span> 
     </span>
     <span class='ocr_line' id='line_1_10' title="bbox 164 1877 1250 1970; baseline -0.002 -23"><span class='ocrx_word' id='word_1_71' title='bbox 164 1881 277 1947; x_wconf 87' lang='lat' dir='ltr'>Gellio</span> <span class='ocrx_word' id='word_1_72' title='bbox 304 1880 407 1948; x_wconf 83' lang='lat' dir='ltr'>factus</span> <span class='ocrx_word' id='word_1_73' title='bbox 436 1898 486 1945; x_wconf 91' lang='lat' dir='ltr'>est</span> <span class='ocrx_word' id='word_1_74' title='bbox 509 1877 669 1970; x_wconf 83' lang='lat' dir='ltr'>Agellins,</span> <span class='ocrx_word' id='word_1_75' title='bbox 701 1881 744 1945; x_wconf 82' lang='lat' dir='ltr'>ita</span> <span class='ocrx_word' id='word_1_76' title='bbox 771 1878 828 1944; x_wconf 88' lang='lat' dir='ltr'>ille</span> <span class='ocrx_word' id='word_1_77' title='bbox 854 1880 900 1945; x_wconf 92' lang='lat' dir='ltr'>M.</span> <span class='ocrx_word' id='word_1_78' title='bbox 926 1880 1048 1962; x_wconf 82' lang='lat' dir='ltr'>Accius</span> <span class='ocrx_word' id='word_1_79' title='bbox 1071 1905 1088 1945; x_wconf 90' lang='lat' dir='ltr'>e</span> <span class='ocrx_word' id='word_1_80' title='bbox 1109 1880 1250 1948; x_wconf 79' lang='lat' dir='ltr'>Maecio.</span> 
     </span>
     <span class='ocr_line' id='line_1_11' title="bbox 163 1992 1253 2086; baseline 0.001 -28"><span class='ocrx_word' id='word_1_81' title='bbox 163 1993 217 2058; x_wconf 72' lang='lat' dir='ltr'>Atl</span> <span class='ocrx_word' id='word_1_82' title='bbox 242 1997 416 2060; x_wconf 80' lang='lat' dir='ltr'>Festum</span> <span class='ocrx_word' id='word_1_83' title='bbox 457 2011 565 2058; x_wconf 88' lang='lat' dir='ltr'>nutem</span> <span class='ocrx_word' id='word_1_84' title='bbox 592 1992 685 2085; x_wconf 87' lang='lat' dir='ltr'>quod</span> <span class='ocrx_word' id='word_1_85' title='bbox 710 1994 836 2073; x_wconf 75' lang='lat' dir='ltr'>attinet,</span> <span class='ocrx_word' id='word_1_86' title='bbox 862 2017 929 2061; x_wconf 92' lang='lat' dir='ltr'>non</span> <span class='ocrx_word' id='word_1_87' title='bbox 956 1995 1063 2086; x_wconf 83' lang='lat' dir='ltr'>cogito</span> <span class='ocrx_word' id='word_1_88' title='bbox 1090 1993 1133 2060; x_wconf 86' lang='lat' dir='ltr'>dc</span> <span class='ocrx_word' id='word_1_89' title='bbox 1157 1995 1253 2059; x_wconf 82' lang='lat' dir='ltr'>novi-</span> 
     </span>
     <span class='ocr_line' id='line_1_12' title="bbox 164 2105 1250 2199; baseline -0.003 -25"><span class='ocrx_word' id='word_1_90' title='bbox 164 2109 216 2174; x_wconf 89' lang='lat' dir='ltr'>cio</span> <span class='ocrx_word' id='word_1_91' title='bbox 242 2107 305 2172; x_wconf 86' lang='lat' dir='ltr'>isto</span> <span class='ocrx_word' id='word_1_92' title='bbox 331 2105 574 2184; x_wconf 72' lang='lat' dir='ltr'>additamento,</span> <span class='ocrx_word' id='word_1_93' title='bbox 601 2107 631 2171; x_wconf 90' lang='lat' dir='ltr'>ei</span> <span class='ocrx_word' id='word_1_94' title='bbox 657 2108 834 2188; x_wconf 72' lang='lat' dir='ltr'>notationi,</span> <span class='ocrx_word' id='word_1_95' title='bbox 860 2130 947 2199; x_wconf 80' lang='lat' dir='ltr'>quac</span> <span class='ocrx_word' id='word_1_96' title='bbox 974 2126 1024 2174; x_wconf 88' lang='lat' dir='ltr'>est</span> <span class='ocrx_word' id='word_1_97' title='bbox 1048 2106 1140 2199; x_wconf 80' lang='lat' dir='ltr'>opud</span> <span class='ocrx_word' id='word_1_98' title='bbox 1165 2109 1250 2171; x_wconf 85' lang='lat' dir='ltr'>Pau-</span> 
     </span>
     <span class='ocr_line' id='line_1_13' title="bbox 163 2218 1249 2312; baseline 0.003 -27"><span class='ocrx_word' id='word_1_99' title='bbox 163 2220 231 2286; x_wconf 86' lang='lat' dir='ltr'>lum</span> <span class='ocrx_word' id='word_1_100' title='bbox 257 2221 443 2288; x_wconf 85' lang='lat' dir='ltr'><strong>Diaconum</strong></span> <span class='ocrx_word' id='word_1_101' title='bbox 471 2221 520 2312; x_wconf 90' lang='lat' dir='ltr'>(p.</span> <span class='ocrx_word' id='word_1_102' title='bbox 546 2218 593 2288; x_wconf 88' lang='grc'>36</span> <span class='ocrx_word' id='word_1_103' title='bbox 619 2218 681 2303; x_wconf 87' lang='grc' dir='ltr'>Μ.)</span> <span class='ocrx_word' id='word_1_104' title='bbox 710 2220 754 2287; x_wconf 89' lang='lat' dir='ltr'>de</span> <span class='ocrx_word' id='word_1_105' title='bbox 779 2220 922 2288; x_wconf 77' lang='lat' dir='ltr'><strong><em>barbari</em></strong></span> <span class='ocrx_word' id='word_1_106' title='bbox 946 2246 1042 2302; x_wconf 87' lang='lat' dir='ltr'>voce,</span> <span class='ocrx_word' id='word_1_107' title='bbox 1076 2224 1111 2286; x_wconf 91' lang='lat' dir='ltr'>in</span> <span class='ocrx_word' id='word_1_108' title='bbox 1138 2224 1249 2288; x_wconf 83' lang='lat' dir='ltr'>Dece-</span> 
     </span>
     <span class='ocr_line' id='line_1_14' title="bbox 163 2322 1249 2427; baseline 0.002 -29"><span class='ocrx_word' id='word_1_109' title='bbox 163 2335 255 2398; x_wconf 81' lang='lat' dir='ltr'>riano</span> <span class='ocrx_word' id='word_1_110' title='bbox 299 2331 455 2424; x_wconf 82' lang='lat' dir='ltr'>exemplo</span> <span class='ocrx_word' id='word_1_111' title='bbox 501 2333 714 2427; x_wconf 81' lang='lat' dir='ltr'>agglutinato:</span> <span class='ocrx_word' id='word_1_112' title='bbox 762 2337 801 2404; x_wconf 90' lang='lat' dir='ltr'><em>V</em></span> <span class='ocrx_word' id='word_1_113' title='bbox 796 2334 863 2400; x_wconf 83' lang='lat' dir='ltr'>nde</span> <span class='ocrx_word' id='word_1_114' title='bbox 899 2335 1042 2402; x_wconf 77' lang='lat' dir='ltr'>Plautus</span> <span class='ocrx_word' id='word_1_115' title='bbox 1080 2322 1249 2401; x_wconf 77' lang='lat' dir='ltr'>Naevium</span> 
     </span>
     <span class='ocr_line' id='line_1_15' title="bbox 157 2447 1249 2538; baseline 0.002 -26"><span class='ocrx_word' id='word_1_116' title='bbox 157 2464 296 2538; x_wconf 86' lang='lat' dir='ltr'>poetam</span> <span class='ocrx_word' id='word_1_117' title='bbox 321 2447 466 2513; x_wconf 74' lang='lat' dir='ltr'>latitunn</span> <span class='ocrx_word' id='word_1_118' title='bbox 490 2447 674 2514; x_wconf 75' lang='lat' dir='ltr'>barbarum</span> <span class='ocrx_word' id='word_1_119' title='bbox 695 2448 785 2516; x_wconf 67' lang='lat' dir='ltr'>dnn</span> <span class='ocrx_word' id='word_1_120' title='bbox 814 2447 931 2536; x_wconf 84' lang='lat' dir='ltr'>[etde</span> <span class='ocrx_word' id='word_1_121' title='bbox 954 2475 1003 2530; x_wconf 86' lang='lat' dir='ltr'>se,</span> <span class='ocrx_word' id='word_1_122' title='bbox 1032 2469 1107 2515; x_wconf 88' lang='lat' dir='ltr'>cttm</span> <span class='ocrx_word' id='word_1_123' title='bbox 1132 2466 1249 2515; x_wconf 66' lang='lat' dir='ltr'>nans·</span> 
     </span>
     <span class='ocr_line' id='line_1_16' title="bbox 155 2561 1247 2648; baseline 0.002 -23"><span class='ocrx_word' id='word_1_124' title='bbox 155 2565 271 2646; x_wconf 78' lang='lat' dir='ltr'>ferret</span> <span class='ocrx_word' id='word_1_125' title='bbox 284 2561 449 2648; x_wconf 84' lang='lat' dir='ltr'>fabulam</span> <span class='ocrx_word' id='word_1_126' title='bbox 472 2588 517 2628; x_wconf 82' lang='lat' dir='ltr'>ex</span> <span class='ocrx_word' id='word_1_127' title='bbox 544 2561 701 2643; x_wconf 84' lang='lat' dir='ltr'>Graeco,</span> <span class='ocrx_word' id='word_1_128' title='bbox 738 2563 828 2629; x_wconf 60' lang='lat' dir='ltr'>davit</span> <span class='ocrx_word' id='word_1_129' title='bbox 856 2561 906 2635; x_wconf 86' lang='lat' dir='ltr'>M.</span> <span class='ocrx_word' id='word_1_130' title='bbox 931 2563 1083 2633; x_wconf 78' lang='lat' dir='ltr'>Attius</span> <span class='ocrx_word' id='word_1_131' title='bbox 1111 2567 1247 2629; x_wconf 83' lang='lat' dir='ltr'>vertit</span> 
     </span>
     <span class='ocr_line' id='line_1_17' title="bbox 147 2673 1246 2771; baseline 0.004 -31"><span class='ocrx_word' id='word_1_132' title='bbox 147 2673 397 2763; x_wconf 14' lang='lat' dir='ltr'>*barbare]:</span> <span class='ocrx_word' id='word_1_133' title='bbox 434 2701 546 2769; x_wconf 86' lang='lat' dir='ltr'>neque</span> <span class='ocrx_word' id='word_1_134' title='bbox 571 2678 660 2743; x_wconf 88' lang='lat' dir='ltr'>enim</span> <span class='ocrx_word' id='word_1_135' title='bbox 686 2679 783 2757; x_wconf 88' lang='lat' dir='ltr'>haec,</span> <span class='ocrx_word' id='word_1_136' title='bbox 809 2704 894 2771; x_wconf 84' lang='lat' dir='ltr'>quae</span> <span class='ocrx_word' id='word_1_137' title='bbox 919 2705 937 2744; x_wconf 88' lang='lat' dir='ltr'>tt</span> <span class='ocrx_word' id='word_1_138' title='bbox 963 2681 1097 2745; x_wconf 85' lang='lat' dir='ltr'>vetustis</span> <span class='ocrx_word' id='word_1_139' title='bbox 1123 2678 1246 2744; x_wconf 87' lang='lat' dir='ltr'>editio-</span> 
     </span>
     <span class='ocr_line' id='line_1_18' title="bbox 158 2790 1247 2882; baseline 0.005 -27"><span class='ocrx_word' id='word_1_140' title='bbox 158 2791 256 2857; x_wconf 86' lang='lat' dir='ltr'>nibus</span> <span class='ocrx_word' id='word_1_141' title='bbox 283 2791 483 2882; x_wconf 81' lang='lat' dir='ltr'>scriptisque</span> <span class='ocrx_word' id='word_1_142' title='bbox 510 2791 604 2857; x_wconf 78' lang='lat' dir='ltr'>libris</span> <span class='ocrx_word' id='word_1_143' title='bbox 633 2793 757 2858; x_wconf 90' lang='lat' dir='ltr'>cunctis</span> <span class='ocrx_word' id='word_1_144' title='bbox 782 2794 915 2870; x_wconf 82' lang='lat' dir='ltr'>absunt,</span> <span class='ocrx_word' id='word_1_145' title='bbox 940 2790 992 2858; x_wconf 85' lang='lat' dir='ltr'>vel</span> <span class='ocrx_word' id='word_1_146' title='bbox 1019 2795 1097 2858; x_wconf 90' lang='lat' dir='ltr'>Pius</span> <span class='ocrx_word' id='word_1_147' title='bbox 1118 2791 1170 2858; x_wconf 85' lang='lat' dir='ltr'>vel</span> <span class='ocrx_word' id='word_1_148' title='bbox 1186 2793 1247 2860; x_wconf 86' lang='lat' dir='ltr'>Se·</span> 
     </span>
     <span class='ocr_line' id='line_1_19' title="bbox 156 2904 1245 2998; baseline 0.003 -28"><span class='ocrx_word' id='word_1_149' title='bbox 156 2930 299 2973; x_wconf 81' lang='lat' dir='ltr'>racenus</span> <span class='ocrx_word' id='word_1_150' title='bbox 324 2924 457 2973; x_wconf 79' lang='lat' dir='ltr'>norunt.</span> <span class='ocrx_word' id='word_1_151' title='bbox 509 2905 580 2973; x_wconf 89' lang='lat' dir='ltr'>Sed</span> <span class='ocrx_word' id='word_1_152' title='bbox 610 2908 741 2998; x_wconf 76' lang='lat' dir='ltr'>gravius</span> <span class='ocrx_word' id='word_1_153' title='bbox 774 2904 849 2972; x_wconf 88' lang='lat' dir='ltr'>dico</span> <span class='ocrx_word' id='word_1_154' title='bbox 883 2922 917 2971; x_wconf 88' lang='lat' dir='ltr'>et</span> <span class='ocrx_word' id='word_1_155' title='bbox 949 2908 1141 2997; x_wconf 81' lang='lat' dir='ltr'>speciosum</span> <span class='ocrx_word' id='word_1_156' title='bbox 1167 2931 1245 2973; x_wconf 83' lang='lat' dir='ltr'>sane</span> 
     </span>
     <span class='ocr_line' id='line_1_20' title="bbox 148 3016 1244 3111; baseline 0.005 -29"><span class='ocrx_word' id='word_1_157' title='bbox 148 3016 244 3105; x_wconf 13' lang='lat' dir='ltr'>&#39;illud</span> <span class='ocrx_word' id='word_1_158' title='bbox 268 3021 493 3085; x_wconf 89' lang='lat' dir='ltr'>testimoninm</span> <span class='ocrx_word' id='word_1_159' title='bbox 515 3018 608 3111; x_wconf 90' lang='lat' dir='ltr'>quod</span> <span class='ocrx_word' id='word_1_160' title='bbox 635 3031 695 3086; x_wconf 86' lang='lat' dir='ltr'>est&#39;</span> <span class='ocrx_word' id='word_1_161' title='bbox 711 3018 754 3086; x_wconf 87' lang='lat' dir='ltr'>de</span> <span class='ocrx_word' id='word_1_162' title='bbox 774 3016 919 3087; x_wconf 81' lang='lat' dir='ltr'>Plautus</span> <span class='ocrx_word' id='word_1_163' title='bbox 943 3021 1087 3086; x_wconf 83' lang='lat' dir='ltr'>nominis</span> <span class='ocrx_word' id='word_1_164' title='bbox 1115 3021 1244 3111; x_wconf 83' lang='lat' dir='ltr'>origine</span> 
     </span>
     <span class='ocr_line' id='line_1_21' title="bbox 158 3129 1242 3227; baseline -0.001 -24"><span class='ocrx_word' id='word_1_165' title='bbox 158 3158 192 3223; x_wconf 80' lang='lat' dir='ltr'>p-</span> <span class='ocrx_word' id='word_1_166' title='bbox 217 3131 288 3203; x_wconf 71' lang='lat'>‘239</span> <span class='ocrx_word' id='word_1_167' title='bbox 311 3135 379 3199; x_wconf 78' lang='lat' dir='ltr'>M:</span> <span class='ocrx_word' id='word_1_168' title='bbox 405 3129 502 3200; x_wconf 82' lang='lat' dir='ltr'>Plott&#39;</span> <span class='ocrx_word' id='word_1_169' title='bbox 526 3132 743 3225; x_wconf 78' lang='lat' dir='ltr'>appellantur</span> <span class='ocrx_word' id='word_1_170' title='bbox 767 3138 827 3227; x_wconf 79' lang='lat' dir='ltr'>qni</span> <span class='ocrx_word' id='word_1_171' title='bbox 850 3150 932 3199; x_wconf 82' lang='lat' dir='ltr'>sont</span> <span class='ocrx_word' id='word_1_172' title='bbox 953 3134 1068 3225; x_wconf 60' lang='lat' dir='ltr'>plantis</span> <span class='ocrx_word' id='word_1_173' title='bbox 1091 3134 1242 3226; x_wconf 76' lang='lat' dir='ltr'>pedibus.</span> 
     </span>
     <span class='ocr_line' id='line_1_22' title="bbox 94 3236 1247 3340; baseline 0.001 -25"><span class='ocrx_word' id='word_1_174' title='bbox 94 3236 98 3249; x_wconf 29' lang='grc' dir='ltr'>ι</span> <span class='ocrx_word' id='word_1_175' title='bbox 160 3245 262 3315; x_wconf 83' lang='lat' dir='ltr'>Vnde</span> <span class='ocrx_word' id='word_1_176' title='bbox 286 3262 320 3313; x_wconf 89' lang='lat' dir='ltr'>et</span> <span class='ocrx_word' id='word_1_177' title='bbox 341 3264 447 3339; x_wconf 84' lang='lat' dir='ltr'>poeta</span> <span class='ocrx_word' id='word_1_178' title='bbox 471 3244 647 3322; x_wconf 83' lang='lat' dir='ltr'>Accius,</span> <span class='ocrx_word' id='word_1_179' title='bbox 669 3251 751 3340; x_wconf 78' lang='lat' dir='ltr'>qnia</span> <span class='ocrx_word' id='word_1_180' title='bbox 776 3246 903 3317; x_wconf 83' lang='lat' dir='ltr'><em>Vmber</em></span> <span class='ocrx_word' id='word_1_181' title='bbox 923 3248 1087 3316; x_wconf 79' lang='lat' dir='ltr'>Sarsinas</span> <span class='ocrx_word' id='word_1_182' title='bbox 1113 3266 1202 3325; x_wconf 85' lang='lat' dir='ltr'>erat,</span> <span class='ocrx_word' id='word_1_183' title='bbox 1224 3277 1247 3316; x_wconf 82' lang='lat' dir='ltr'><strong><em>a</em></strong></span> 
     </span>
     <span class='ocr_line' id='line_1_23' title="bbox 147 3360 1244 3459; baseline 0.006 -34"><span class='ocrx_word' id='word_1_184' title='bbox 147 3360 278 3450; x_wconf 83' lang='lat' dir='ltr'>pedum</span> <span class='ocrx_word' id='word_1_185' title='bbox 301 3364 447 3459; x_wconf 82' lang='lat' dir='ltr'>planitie</span> <span class='ocrx_word' id='word_1_186' title='bbox 472 3368 571 3429; x_wconf 77' lang='lat' dir='ltr'>initio</span> <span class='ocrx_word' id='word_1_187' title='bbox 596 3360 728 3444; x_wconf 74' lang='lat' dir='ltr'>Ptoou,</span> <span class='ocrx_word' id='word_1_188' title='bbox 748 3380 870 3455; x_wconf 85' lang='lat' dir='ltr'>postea</span> <span class='ocrx_word' id='word_1_189' title='bbox 882 3365 1026 3431; x_wconf 78' lang='lat' dir='ltr'>Plautus</span> <span class='ocrx_word' id='word_1_190' title='bbox 1054 3381 1106 3431; x_wconf 83' lang='lat' dir='ltr'>est</span> <span class='ocrx_word' id='word_1_191' title='bbox 1124 3364 1244 3432; x_wconf 76' lang='lat' dir='ltr'>dt&#39;ctns.</span> 
     </span>
     <span class='ocr_line' id='line_1_24' title="bbox 149 3475 1243 3571; baseline 0.001 -28"><span class='ocrx_word' id='word_1_192' title='bbox 149 3475 277 3561; x_wconf 25' lang='lat' dir='ltr'>*Soleus</span> <span class='ocrx_word' id='word_1_193' title='bbox 302 3501 432 3571; x_wconf 77' lang='lat' dir='ltr'>quoqne</span> <span class='ocrx_word' id='word_1_194' title='bbox 456 3478 668 3552; x_wconf 78' lang='lat' dir='ltr'>dimidiatas,</span> <span class='ocrx_word' id='word_1_195' title='bbox 690 3478 809 3570; x_wconf 82' lang='lat' dir='ltr'>quibus</span> <span class='ocrx_word' id='word_1_196' title='bbox 826 3479 1012 3544; x_wconf 81' lang='lat' dir='ltr'>utebantur</span> <span class='ocrx_word' id='word_1_197' title='bbox 1031 3485 1069 3545; x_wconf 83' lang='lat' dir='ltr'>in</span> <span class='ocrx_word' id='word_1_198' title='bbox 1084 3480 1243 3547; x_wconf 76' lang='lat' dir='ltr'>venando</span> 
     </span>
     <span class='ocr_line' id='line_1_25' title="bbox 155 3591 1245 3687; baseline 0.003 -31"><span class='ocrx_word' id='word_1_199' title='bbox 155 3613 222 3683; x_wconf 80' lang='lat' dir='ltr'>quo</span> <span class='ocrx_word' id='word_1_200' title='bbox 256 3591 396 3682; x_wconf 72' lang='lat' dir='ltr'>planius</span> <span class='ocrx_word' id='word_1_201' title='bbox 425 3591 548 3683; x_wconf 82' lang='lat' dir='ltr'>pedem</span> <span class='ocrx_word' id='word_1_202' title='bbox 577 3609 774 3685; x_wconf 81' lang='lat' dir='ltr'>ponerent,</span> <span class='ocrx_word' id='word_1_203' title='bbox 804 3595 994 3686; x_wconf 77' lang='lat' dir='ltr'>semiplotia</span> <span class='ocrx_word' id='word_1_204' title='bbox 1027 3594 1245 3687; x_wconf 80' lang='lat' dir='ltr'>appellarunt</span> 
     </span>
     <span class='ocr_line' id='line_1_26' title="bbox 157 3703 1244 3799; baseline 0.006 -30"><span class='ocrx_word' id='word_1_205' title='bbox 157 3703 274 3789; x_wconf 82' lang='lat' dir='ltr'>(foedo</span> <span class='ocrx_word' id='word_1_206' title='bbox 309 3708 397 3772; x_wconf 89' lang='lat' dir='ltr'>enim</span> <span class='ocrx_word' id='word_1_207' title='bbox 436 3708 525 3774; x_wconf 82' lang='lat' dir='ltr'>vitio·</span> <span class='ocrx_word' id='word_1_208' title='bbox 552 3707 770 3799; x_wconf 80' lang='lat' dir='ltr'>appellantur</span> <span class='ocrx_word' id='word_1_209' title='bbox 795 3706 930 3793; x_wconf 79' lang='lat' dir='ltr'>editur).</span> <span class='ocrx_word' id='word_1_210' title='bbox 982 3709 1128 3775; x_wconf 80' lang='lat' dir='ltr'>Haecine</span> <span class='ocrx_word' id='word_1_211' title='bbox 1162 3733 1244 3775; x_wconf 80' lang='lat' dir='ltr'>vero</span> 
     </span>
     <span class='ocr_line' id='line_1_27' title="bbox 155 3819 1245 3897; baseline 0.005 -13"><span class='ocrx_word' id='word_1_212' title='bbox 155 3819 246 3886; x_wconf 81' lang='lat' dir='ltr'>Festi</span> <span class='ocrx_word' id='word_1_213' title='bbox 270 3837 362 3897; x_wconf 87' lang='lat' dir='ltr'>sunt,</span> <span class='ocrx_word' id='word_1_214' title='bbox 398 3822 490 3889; x_wconf 87' lang='lat' dir='ltr'>cuius</span> <span class='ocrx_word' id='word_1_215' title='bbox 517 3821 747 3889; x_wconf 55' lang='lat' dir='ltr'>anctoritatem</span> <span class='ocrx_word' id='word_1_216' title='bbox 767 3825 889 3889; x_wconf 79' lang='lat' dir='ltr'>iactare</span> <span class='ocrx_word' id='word_1_217' title='bbox 911 3840 1041 3890; x_wconf 82' lang='lat' dir='ltr'>veteres</span> <span class='ocrx_word' id='word_1_218' title='bbox 1066 3821 1116 3889; x_wconf 89' lang='lat' dir='ltr'>illi</span> <span class='ocrx_word' id='word_1_219' title='bbox 1141 3825 1245 3891; x_wconf 67' lang='lat' dir='ltr'>intel·-</span> 
     </span>
     <span class='ocr_line' id='line_1_28' title="bbox 150 3934 1244 4031; baseline 0.005 -33"><span class='ocrx_word' id='word_1_220' title='bbox 150 3952 268 4029; x_wconf 85' lang='lat' dir='ltr'>pretes</span> <span class='ocrx_word' id='word_1_221' title='bbox 294 3934 424 4026; x_wconf 76' lang='lat' dir='ltr'>solenti</span> <span class='ocrx_word' id='word_1_222' title='bbox 474 3937 580 4003; x_wconf 87' lang='lat' dir='ltr'>Immo</span> <span class='ocrx_word' id='word_1_223' title='bbox 614 3938 718 4029; x_wconf 81' lang='lat' dir='ltr'>petite</span> <span class='ocrx_word' id='word_1_224' title='bbox 751 3955 828 4003; x_wconf 85' lang='lat' dir='ltr'>sunt</span> <span class='ocrx_word' id='word_1_225' title='bbox 855 3963 872 4003; x_wconf 94' lang='lat' dir='ltr'>e</span> <span class='ocrx_word' id='word_1_226' title='bbox 897 3936 991 4003; x_wconf 80' lang='lat' dir='ltr'>Pauli</span> <span class='ocrx_word' id='word_1_227' title='bbox 1015 3940 1161 4031; x_wconf 78' lang='lat' dir='ltr'>epitome</span> <span class='ocrx_word' id='word_1_228' title='bbox 1186 3962 1244 4004; x_wconf 85' lang='lat' dir='ltr'>eo·</span> 
     </span>
     <span class='ocr_line' id='line_1_29' title="bbox 153 4049 1242 4143; baseline 0.002 -29"><span class='ocrx_word' id='word_1_229' title='bbox 153 4074 245 4127; x_wconf 85' lang='lat' dir='ltr'>rum,</span> <span class='ocrx_word' id='word_1_230' title='bbox 282 4075 368 4142; x_wconf 83' lang='lat' dir='ltr'>quse</span> <span class='ocrx_word' id='word_1_231' title='bbox 401 4049 560 4118; x_wconf 82' lang='lat' dir='ltr'>lacunosa</span> <span class='ocrx_word' id='word_1_232' title='bbox 593 4053 640 4119; x_wconf 88' lang='lat' dir='ltr'>sic</span> <span class='ocrx_word' id='word_1_233' title='bbox 666 4067 778 4118; x_wconf 83' lang='lat' dir='ltr'>extant</span> <span class='ocrx_word' id='word_1_234' title='bbox 802 4050 894 4143; x_wconf 82' lang='lat' dir='ltr'>tpntl</span> <span class='ocrx_word' id='word_1_235' title='bbox 918 4052 1054 4119; x_wconf 82' lang='lat' dir='ltr'>Festum</span> <span class='ocrx_word' id='word_1_236' title='bbox 1076 4077 1140 4118; x_wconf 77' lang='lat' dir='ltr'>une</span> <span class='ocrx_word' id='word_1_237' title='bbox 1167 4076 1242 4121; x_wconf 85' lang='lat' dir='ltr'>cum</span> 
     </span>
     <span class='ocr_line' id='line_1_30' title="bbox 153 4161 921 4257; baseline 0.001 -27"><span class='ocrx_word' id='word_1_238' title='bbox 153 4161 396 4256; x_wconf 81' lang='lat' dir='ltr'>supplementis</span> <span class='ocrx_word' id='word_1_239' title='bbox 420 4167 647 4234; x_wconf 84' lang='lat' dir='ltr'>recentissimi</span> <span class='ocrx_word' id='word_1_240' title='bbox 672 4165 838 4257; x_wconf 82' lang='lat' dir='ltr'>exempli:</span> <span class='ocrx_word' id='word_1_241' title='bbox 919 4191 921 4195; x_wconf 68' lang='grc'>’</span> 
     </span>
    </p>
   </div>
   <div class='ocr_carea' id='block_1_3' title="bbox 206 4429 1244 4622">
    <p class='ocr_par' dir='ltr' id='par_1_3' title="bbox 206 4429 1244 4622">
     <span class='ocr_line' id='line_1_31' title="bbox 206 4429 1243 4528; baseline 0 -20"><span class='ocrx_word' id='word_1_242' title='bbox 206 4460 233 4524; x_wconf 81' lang='lat'>⁰)</span> <span class='ocrx_word' id='word_1_243' title='bbox 261 4453 375 4509; x_wconf 82' lang='lat' dir='ltr'>Pertinet</span> <span class='ocrx_word' id='word_1_244' title='bbox 392 4457 452 4522; x_wconf 86' lang='lat' dir='ltr'>huc,</span> <span class='ocrx_word' id='word_1_245' title='bbox 471 4467 498 4510; x_wconf 90' lang='lat' dir='ltr'>ut</span> <span class='ocrx_word' id='word_1_246' title='bbox 515 4473 592 4510; x_wconf 89' lang='lat' dir='ltr'>unum</span> <span class='ocrx_word' id='word_1_247' title='bbox 610 4473 807 4511; x_wconf 85' lang='lat' dir='ltr'>commemorem</span> <span class='ocrx_word' id='word_1_248' title='bbox 825 4474 840 4510; x_wconf 84' lang='lat' dir='ltr'>e</span> <span class='ocrx_word' id='word_1_249' title='bbox 857 4429 955 4523; x_wconf 86' lang='lat' dir='ltr'>multis,</span> <span class='ocrx_word' id='word_1_250' title='bbox 982 4457 1051 4528; x_wconf 84' lang='lat' dir='ltr'>qnod</span> <span class='ocrx_word' id='word_1_251' title='bbox 1076 4459 1102 4510; x_wconf 86' lang='lat' dir='ltr'>in</span> <span class='ocrx_word' id='word_1_252' title='bbox 1128 4458 1243 4525; x_wconf 71' lang='lat' dir='ltr'>gentium</span> 
     </span>
     <span class='ocr_line' id='line_1_32' title="bbox 256 4549 1244 4622; baseline 0.001 -21"><span class='ocrx_word' id='word_1_253' title='bbox 256 4549 473 4617; x_wconf 77' lang='lat' dir='ltr'>plebeiorum</span> <span class='ocrx_word' id='word_1_254' title='bbox 494 4568 610 4615; x_wconf 71' lang='lat' dir='ltr'>nunno,</span> <span class='ocrx_word' id='word_1_255' title='bbox 632 4568 700 4620; x_wconf 81' lang='lat' dir='ltr'>quse</span> <span class='ocrx_word' id='word_1_256' title='bbox 719 4554 815 4606; x_wconf 80' lang='lat' dir='ltr'>luerint</span> <span class='ocrx_word' id='word_1_257' title='bbox 831 4553 990 4622; x_wconf 72' lang='lat' dir='ltr'>reipublicae</span> <span class='ocrx_word' id='word_1_258' title='bbox 1009 4551 1244 4621; x_wconf 56' lang='lat' dir='ltr'>tenporibufflt-</span> 
     </span>
    </p>
   </div>
   <div class='ocr_carea' id='block_1_4' title="bbox 255 4646 1244 4822">
    <p class='ocr_par' dir='ltr' id='par_1_4' title="bbox 255 4646 1244 4822">
     <span class='ocr_line' id='line_1_33' title="bbox 255 4646 1244 4717; baseline -0.003 -19"><span class='ocrx_word' id='word_1_259' title='bbox 255 4646 320 4698; x_wconf 72' lang='lat' dir='ltr'>tiam</span> <span class='ocrx_word' id='word_1_260' title='bbox 339 4660 397 4697; x_wconf 85' lang='lat' dir='ltr'>etun</span> <span class='ocrx_word' id='word_1_261' title='bbox 413 4648 570 4717; x_wconf 72' lang='lat' dir='ltr'>cognomino</span> <span class='ocrx_word' id='word_1_262' title='bbox 591 4646 696 4700; x_wconf 73' lang='lat' dir='ltr'>Plautus</span> <span class='ocrx_word' id='word_1_263' title='bbox 714 4647 795 4700; x_wconf 75' lang='lat' dir='ltr'>refert</span> <span class='ocrx_word' id='word_1_264' title='bbox 811 4648 950 4700; x_wconf 66' lang='lat' dir='ltr'>euentu</span> <span class='ocrx_word' id='word_1_265' title='bbox 969 4648 1002 4700; x_wconf 84' lang='lat' dir='ltr'>do</span> <span class='ocrx_word' id='word_1_266' title='bbox 1020 4646 1143 4703; x_wconf 87' lang='lat' dir='ltr'>nominib.</span> <span class='ocrx_word' id='word_1_267' title='bbox 1172 4646 1244 4697; x_wconf 85' lang='lat' dir='ltr'>iiotn.</span> 
     </span>
     <span class='ocr_line' id='line_1_34' title="bbox 256 4738 688 4822; baseline -0.016 -25"><span class='ocrx_word' id='word_1_268' title='bbox 256 4754 282 4805; x_wconf 77' lang='lat' dir='ltr'>p.</span> <span class='ocrx_word' id='word_1_269' title='bbox 301 4738 483 4797; x_wconf 68' lang='lat' dir='ltr'>totototo</span> <span class='ocrx_word' id='word_1_270' title='bbox 502 4741 575 4793; x_wconf 80' lang='lat' dir='ltr'>Thes.</span> <span class='ocrx_word' id='word_1_271' title='bbox 595 4741 688 4822; x_wconf 71' lang='lat' dir='ltr'>(isset.</span> 
     </span>
    </p>
   </div>
   <div class='ocr_carea' id='block_1_5' title="bbox 0 0 1414 5332">
    <p class='ocr_par' dir='ltr' id='par_1_5' title="bbox 0 0 1414 5332">
     <span class='ocr_line' id='line_1_35' title="bbox 0 0 1414 5332; baseline 0 4"><span class='ocrx_word' id='word_1_272' title='bbox 0 0 1414 5332; x_wconf 95' lang='lat' dir='ltr'> </span> 
     </span>
    </p>
   </div>
  </div>
 </body>
</html>
