2820 5332
451 693 613 738 'rntnvstnt
642 692 833 737 nntvntnnn.
988 703 990 706 ’
1106 669 1175 741 561

109 864 237 946 visum,
269 865 487 934 interciderit.
539 865 711 934 Credibile
743 885 812 947 est,
851 865 997 934 Calliclis
1030 869 1179 934 versibus

108 979 326 1047 Charmidem
350 983 384 1046 in
411 980 496 1046 hane
522 981 590 1047 lene
617 983 814 1048 sententium
839 981 1068 1073 respondisse:

208 1095 301 1187 Quid
324 1092 437 1161 sa'lvel
454 1095 514 1185 pol
537 1100 648 1162 istanc
674 1091 738 1186 sigo
762 1096 905 1161 salutem
933 1092 1003 1162 ηόη
1030 1122 1152 1165 moror.

205 1206 302 1277 Illn'd
327 1210 399 1275 volo
424 1215 520 1291 scire,
550 1205 585 1277 ια’
611 1217 670 1304 qni
690 1206 839 1278 servaris
853 1210 976 1304 fidem,

205 1325 277 1415 Qui
299 1321 376 1389 me'd
399 1323 552 1402 absente,
578 1320 665 1413 quati
690 1325 754 1392 tibi
776 1322 1090 1392 commenda'verem

205 1442 240 1507 Τ
236 1434 363 1532 uaeque
386 1464 532 1533 peregre
556 1443 638 1508 ltine
662 1439 782 1508 e'biens
809 1440 1022 1508 eredidera'm
1033 1441 1122 1534 fide,

203 1552 306 1623 Bona
327 1548 523 1646 liberosque,
549 1552 683 1648 pe'ssum
707 1556 843 1623 dederis
873 1552 1014 1623 simnia?

107 1658 178 1739 Sed
205 1671 364 1762 quoniam
385 1673 523 1762 occepi,
546 1697 683 1765 pergam
709 1669 874 1738 ludendo:
907 1673 949 1737 ita
975 1672 1062 1737 enim
1088 1669 1182 1736 sacil-

109 1786 206 1865 lime,
244 1786 364 1877 quibus
396 1803 571 1876 praeterea
605 1791 640 1853 in
672 1789 774 1856 rebus
805 1787 960 1853 Greuerti
993 1786 1182 1878 exemplum

110 1925 179 1967 non
200 1902 281 1966 mihi
308 1901 383 1967 satis
409 1901 515 1981 saciat,
540 1901 753 1994 intelligetur.
815 1902 900 1967 Nam
929 1917 1052 1967 tantum
1078 1926 1095 1966 n
1120 1927 1182 1967 ne-

109 2017 199 2081 mine
234 2040 304 2082 non
340 2013 481 2084 concedi
512 2035 618 2109 puto,
649 2019 676 2083 si
701 2015 803 2083 modo
837 2015 880 2082 de
903 2014 1021 2082 lacuna
1046 2017 1181 2083 omnino

108 2150 259 2213 constet,
296 2155 432 2222 prorsus
464 2130 548 2198 nihil
574 2134 737 2200 interesse
771 2149 949 2225 quaternos
979 2155 1021 2196 an
1043 2133 1180 2196 vicenos

106 2270 221 2313 versus
249 2244 413 2313 excidisse
437 2263 623 2314 statuamus.
673 2247 731 2318 Sic
756 2249 857 2340 igitur
878 2247 1041 2339 persequi
1066 2270 1182 2319 senum

107 2384 276 2450 sermenes
301 2378 400 2453 poeta
425 2363 548 2453 potnit:

204 2497 283 2546 οΑι.
311 2476 377 2542 Pol
398 2471 542 2542 veterem
566 2479 711 2540 amicum
734 2469 771 2541 rei
796 2498 867 2539 non
892 2469 1068 2564 eomperta'
1084 2474 1190 2583 melis'

203 2585 326 2658 Verbis
351 2589 544 2683 obiurgare,
570 2585 654 2657 hesit
675 2615 748 2655 esse
773 2611 913 2680 aequom
939 2584 1068 2654 censeo.

202 2708 292 2774 Nem
313 2724 348 2772 et
372 2703 469 2772 erras
496 2724 531 2775 et
556 2706 639 2773 milii
660 2700 821 2771 stimmam
836 2708 936 2790 facis
962 2699 1130 2772 initiriam.

205 2844 290 2889 ena.
313 2818 471 2890 Hasct'ne
497 2841 569 2890 tute
595 2826 706 2890 emisti
730 2817 837 2896 aedis,
854 2820 944 2885 utsde
970 2815 1043 2886 eris
1064 2820 1177 2894 stende,

201 2939 383 3030 Menmqne
406 2933 599 3005 exturbasti
621 2939 702 3002 hinc
725 2911 947 3002 Le'sb'onicum
961 2930 1108 3022 filium?
1146 2940 1183 2979 ³*
1263 2989 1266 2996 .

200 3051 310 3117 Estne
335 3049 398 3119 lio'e
422 3053 515 3144 qnod
534 3053 611 3119 dien
636 3046 777 3116 ari-nnn
793 3050 874 3114 est?
899 3043 1066 3139 responde
1086 3046 1176 3114 milti.

201 3187 280 3233 eAn.
306 3169 385 3233 Emi
406 3163 540 3260 e'gomet
565 3167 670 3248 aedis,
696 3161 763 3231 emi
786 3182 824 3231 nt
847 3160 1019 3230 servarim
1046 3162 1119 3231 tibi.

198 3261 334 3372 Absque
358 3307 398 3348 eo
420 3279 520 3359 esset,
543 3284 605 3350 alii
626 3276 831 3348 vendidisset
845 3273 970 3366 filies:

198 3395 245 3462 Et
272 3397 335 3463 lia's
357 3416 393 3464 tn
419 3416 454 3465 et
480 3412 549 3466 une
575 3393 769 3465 thesaurum
789 3395 879 3461 illum
902 3388 1075 3486 perderes,

199 3513 308 3603 Quem
333 3511 402 3581 illic
425 3514 616 3581 abstrusum
633 3508 727 3597 fidei
751 3507 936 3577 mandara's
961 3534 1065 3575 meae.

197 3637 253 3704 En
277 3633 392 3700 scilvas
415 3630 534 3697 trado:
561 3625 625 3697 tibi
647 3629 724 3695 illas
744 3633 823 3704 emi,
847 3622 920 3694 ntin
944 3627 1035 3692 milti.

198 3775 282 3819 ena.
313 3747 407 3841 Quid
430 3742 482 3812 ais
504 3764 539 3812 tn
564 3746 718 3838 quaeso?
748 3739 812 3835 prti
846 3741 944 3806 deum
982 3757 1083 3834 atque
1110 3737 1169 3801 lio-

533 3858 536 3863 ‘
688 3851 815 3924 mimim
827 3854 949 3947 fldem,

195 3976 314 4049 Subito'
336 3979 515 4066 neelefecti
529 3973 631 4065 fa'cis
657 3997 709 4038 me
732 3968 913 4064 dispudea't
936 3972 1013 4049 mei,

194 4090 350 4166 Amicum
370 4118 435 4187 pro
460 4088 654 4179 benesdctis
678 4090 737 4181 qui
757 4083 1010 4179 increpa'verim.

196 4236 273 4281 eAn.
303 4210 396 4301 Quid
411 4203 545 4300 igitur?
567 4210 681 4273 iamne
695 4196 819 4290 fidum
836 4200 946 4268 eredis
970 4222 1023 4266 me
1039 4192 1073 4266 e't
1085 4220 1185 4291 pro·⁴

680 4316 786 4385 bum?

195 4467 280 4512 cna.
305 4439 470 4517 credo,
497 4433 644 4506 o'mnia
669 4439 810 4500 istaec
833 4427 874 4501 si
897 4436 968 4501 ita
992 4445 1095 4501 sunt
1114 4438 1168 4501 'ut

682 4545 940 4644 praedicas.
1055 4627 1060 4639 .

93 4681 180 4752 Nem
204 4677 251 4745 sic
275 4673 411 4744 nltimns
435 4694 503 4739 non
524 4667 729 4738 haesitanter
759 4683 793 4736 et
817 4664 1013 4737 scribendus
1038 4682 1072 4734 et
1097 4688 1177 4735 enu-
1347 4688 1360 4717 ⁰
1395 4663 1400 4673 ’

905 4779 961 4852 ’36
