<?xml version="1.0" encoding="UTF-8"?>
<!DOCTYPE html PUBLIC "-//W3C//DTD XHTML 1.0 Transitional//EN"
    "http://www.w3.org/TR/xhtml1/DTD/xhtml1-transitional.dtd">
<html xmlns="http://www.w3.org/1999/xhtml" xml:lang="en" lang="en">
 <head>
  <title>
</title>
<meta http-equiv="Content-Type" content="text/html;charset=utf-8" />
  <meta name='ocr-system' content='tesseract 3.04.00' />
  <meta name='ocr-capabilities' content='ocr_page ocr_carea ocr_par ocr_line ocrx_word'/>
</head>
<body>
  <div class='ocr_page' id='page_1' title='image "./parergonplautin01ritsgoog_0494.png"; bbox 0 0 2820 5332; ppageno 0'>
   <div class='ocr_carea' id='block_1_1' title="bbox 10 39 1344 308">
    <p class='ocr_par' dir='ltr' id='par_1_1' title="bbox 10 39 1344 308">
     <span class='ocr_line' id='line_1_1' title="bbox 10 39 1344 308; baseline -0.005 0"><span class='ocrx_word' id='word_1_1' title='bbox 10 39 1344 308; x_wconf 67' lang='lat' dir='ltr'>u</span> 
     </span>
    </p>
   </div>
   <div class='ocr_carea' id='block_1_2' title="bbox 419 649 1195 720">
    <p class='ocr_par' dir='ltr' id='par_1_2' title="bbox 419 649 1195 720">
     <span class='ocr_line' id='line_1_2' title="bbox 419 649 1195 720; baseline 0.005 -4"><span class='ocrx_word' id='word_1_2' title='bbox 419 672 669 716; x_wconf 76' lang='lat' dir='ltr'><strong>nosrssrrnrsr:</strong></span> <span class='ocrx_word' id='word_1_3' title='bbox 698 672 890 716; x_wconf 78' lang='lat' dir='ltr'><strong>rnrvrsuar.</strong></span> <span class='ocrx_word' id='word_1_4' title='bbox 1122 649 1195 720; x_wconf 81' lang='grc'><strong>453</strong></span> 
     </span>
    </p>
   </div>
   <div class='ocr_carea' id='block_1_3' title="bbox 98 843 1202 4282">
    <p class='ocr_par' dir='ltr' id='par_1_3' title="bbox 98 843 1202 4282">
     <span class='ocr_line' id='line_1_3' title="bbox 111 843 1194 938; baseline 0.004 -30"><span class='ocrx_word' id='word_1_5' title='bbox 111 844 170 937; x_wconf 89' lang='lat' dir='ltr'><strong>qui</strong></span> <span class='ocrx_word' id='word_1_6' title='bbox 195 868 307 911; x_wconf 80' lang='lat' dir='ltr'><strong>servus</strong></span> <span class='ocrx_word' id='word_1_7' title='bbox 332 843 417 924; x_wconf 86' lang='lat' dir='ltr'><strong>sim,</strong></span> <span class='ocrx_word' id='word_1_8' title='bbox 449 843 532 910; x_wconf 85' lang='lat' dir='ltr'>nihil</span> <span class='ocrx_word' id='word_1_9' title='bbox 557 844 720 936; x_wconf 75' lang='lat' dir='ltr'><strong>praesidii</strong></span> <span class='ocrx_word' id='word_1_10' title='bbox 746 865 895 938; x_wconf 81' lang='lat' dir='ltr'><strong>peratum</strong></span> <span class='ocrx_word' id='word_1_11' title='bbox 931 865 1065 938; x_wconf 84' lang='lat' dir='ltr'><strong>praeter</strong></span> <span class='ocrx_word' id='word_1_12' title='bbox 1087 849 1194 938; x_wconf 80' lang='lat' dir='ltr'>ipsam</span> 
     </span>
     <span class='ocr_line' id='line_1_4' title="bbox 115 957 1198 1052; baseline 0.001 -27"><span class='ocrx_word' id='word_1_13' title='bbox 115 960 164 1025; x_wconf 91' lang='lat' dir='ltr'><strong>eri</strong></span> <span class='ocrx_word' id='word_1_14' title='bbox 191 983 302 1025; x_wconf 83' lang='lat' dir='ltr'><strong>curam</strong></span> <span class='ocrx_word' id='word_1_15' title='bbox 327 974 359 1024; x_wconf 87' lang='lat' dir='ltr'><strong>et</strong></span> <span class='ocrx_word' id='word_1_16' title='bbox 384 957 539 1026; x_wconf 86' lang='lat' dir='ltr'><strong>servilem</strong></span> <span class='ocrx_word' id='word_1_17' title='bbox 563 960 797 1026; x_wconf 76' lang='lat' dir='ltr'><strong>obedientiam.</strong></span> <span class='ocrx_word' id='word_1_18' title='bbox 830 960 960 1052; x_wconf 80' lang='lat' dir='ltr'><strong>Ecquid</strong></span> <span class='ocrx_word' id='word_1_19' title='bbox 977 981 1085 1026; x_wconf 85' lang='lat' dir='ltr'><strong>autern</strong></span> <span class='ocrx_word' id='word_1_20' title='bbox 1104 987 1198 1027; x_wconf 86' lang='lat' dir='ltr'><strong>eaus-</strong></span> 
     </span>
     <span class='ocr_line' id='line_1_5' title="bbox 116 1072 1196 1166; baseline 0.002 -27"><span class='ocrx_word' id='word_1_21' title='bbox 116 1098 170 1139; x_wconf 83' lang='lat' dir='ltr'><strong>sae</strong></span> <span class='ocrx_word' id='word_1_22' title='bbox 198 1092 248 1138; x_wconf 93' lang='lat' dir='ltr'><strong>est</strong></span> <span class='ocrx_word' id='word_1_23' title='bbox 271 1097 331 1138; x_wconf 87' lang='lat' dir='ltr'><strong>cur</strong></span> <span class='ocrx_word' id='word_1_24' title='bbox 357 1072 439 1137; x_wconf 91' lang='lat' dir='ltr'><strong>nihil</strong></span> <span class='ocrx_word' id='word_1_25' title='bbox 465 1074 694 1166; x_wconf 33' lang='lat' dir='ltr'><strong>T‘heuropidi,</strong></span> <span class='ocrx_word' id='word_1_26' title='bbox 732 1077 839 1140; x_wconf 86' lang='lat' dir='ltr'><strong>omnia</strong></span> <span class='ocrx_word' id='word_1_27' title='bbox 868 1077 931 1139; x_wconf 86' lang='lat' dir='ltr'>sibi</span> <span class='ocrx_word' id='word_1_28' title='bbox 955 1075 1100 1140; x_wconf 85' lang='lat' dir='ltr'><strong>timenda</strong></span> <span class='ocrx_word' id='word_1_29' title='bbox 1124 1101 1196 1142; x_wconf 83' lang='lat' dir='ltr'><strong>esse</strong></span> 
     </span>
     <span class='ocr_line' id='line_1_6' title="bbox 114 1187 1202 1280; baseline -0.001 -26"><span class='ocrx_word' id='word_1_30' title='bbox 114 1190 295 1254; x_wconf 79' lang='lat' dir='ltr'><strong>Phaniscus</strong></span> <span class='ocrx_word' id='word_1_31' title='bbox 321 1189 385 1255; x_wconf 81' lang='lat' dir='ltr'><strong>ltoc</strong></span> <span class='ocrx_word' id='word_1_32' title='bbox 412 1187 549 1280; x_wconf 87' lang='lat' dir='ltr'><strong>quidem</strong></span> <span class='ocrx_word' id='word_1_33' title='bbox 575 1189 651 1256; x_wconf 93' lang='lat' dir='ltr'><strong>loco</strong></span> <span class='ocrx_word' id='word_1_34' title='bbox 676 1189 765 1255; x_wconf 82' lang='lat' dir='ltr'><strong>dicut</strong></span> <span class='ocrx_word' id='word_1_35' title='bbox 781 1190 940 1256; x_wconf 74' lang='lat' dir='ltr'><strong>omuino?</strong></span> <span class='ocrx_word' id='word_1_36' title='bbox 967 1190 1080 1269; x_wconf 16' lang='lat' dir='ltr'><strong>‘Nihil</strong></span> <span class='ocrx_word' id='word_1_37' title='bbox 1100 1193 1202 1269; x_wconf 62' lang='lat' dir='ltr'><strong>eoiret,</strong></span> 
     </span>
     <span class='ocr_line' id='line_1_7' title="bbox 115 1302 1197 1396; baseline 0.004 -28"><span class='ocrx_word' id='word_1_38' title='bbox 115 1302 207 1396; x_wconf 90' lang='lat' dir='ltr'><strong>quod</strong></span> <span class='ocrx_word' id='word_1_39' title='bbox 239 1302 305 1369; x_wconf 90' lang='lat' dir='ltr'><strong>buc</strong></span> <span class='ocrx_word' id='word_1_40' title='bbox 337 1321 525 1394; x_wconf 78' lang='lat' dir='ltr'><strong>spectaret,</strong></span> <span class='ocrx_word' id='word_1_41' title='bbox 560 1305 748 1396; x_wconf 80' lang='lat' dir='ltr'><strong>protulerat</strong></span> <span class='ocrx_word' id='word_1_42' title='bbox 778 1330 896 1371; x_wconf 81' lang='lat' dir='ltr'><strong>senex:</strong></span> <span class='ocrx_word' id='word_1_43' title='bbox 933 1305 1067 1396; x_wconf 89' lang='lat' dir='ltr'><strong>quando</strong></span> <span class='ocrx_word' id='word_1_44' title='bbox 1101 1307 1197 1372; x_wconf 83' lang='lat' dir='ltr'><strong>nimis</strong></span> 
     </span>
     <span class='ocr_line' id='line_1_8' title="bbox 114 1401 1196 1513; baseline 0.001 -29"><span class='ocrx_word' id='word_1_45' title='bbox 114 1419 267 1511; x_wconf 83' lang='lat' dir='ltr'><strong>prolecto</strong></span> <span class='ocrx_word' id='word_1_46' title='bbox 294 1417 365 1483; x_wconf 88' lang='lat' dir='ltr'><strong>leve</strong></span> <span class='ocrx_word' id='word_1_47' title='bbox 391 1417 473 1483; x_wconf 87' lang='lat' dir='ltr'><strong>illud</strong></span> <span class='ocrx_word' id='word_1_48' title='bbox 502 1436 569 1498; x_wconf 86' lang='lat' dir='ltr'><strong>est,</strong></span> <span class='ocrx_word' id='word_1_49' title='bbox 608 1420 699 1511; x_wconf 88' lang='lat' dir='ltr'><strong>quod</strong></span> <span class='ocrx_word' id='word_1_50' title='bbox 726 1401 839 1486; x_wconf 81' lang='lat' dir='ltr'><strong>iemne</strong></span> <span class='ocrx_word' id='word_1_51' title='bbox 864 1420 937 1486; x_wconf 80' lang='lat' dir='ltr'><strong>abis</strong></span> <span class='ocrx_word' id='word_1_52' title='bbox 963 1424 1196 1513; x_wconf 72' lang='lat' dir='ltr'><strong>interrogas-at.</strong></span> 
     </span>
     <span class='ocr_line' id='line_1_9' title="bbox 113 1534 1197 1629; baseline 0.002 -30"><span class='ocrx_word' id='word_1_53' title='bbox 113 1537 202 1627; x_wconf 84' lang='lat' dir='ltr'><strong>Ergo</strong></span> <span class='ocrx_word' id='word_1_54' title='bbox 223 1536 289 1600; x_wconf 89' lang='lat' dir='ltr'><strong>hoc</strong></span> <span class='ocrx_word' id='word_1_55' title='bbox 313 1536 423 1625; x_wconf 90' lang='lat' dir='ltr'><strong>ipsum</strong></span> <span class='ocrx_word' id='word_1_56' title='bbox 448 1534 573 1601; x_wconf 81' lang='lat' dir='ltr'><strong>indicio</strong></span> <span class='ocrx_word' id='word_1_57' title='bbox 601 1555 667 1615; x_wconf 87' lang='lat' dir='ltr'><strong>est,</strong></span> <span class='ocrx_word' id='word_1_58' title='bbox 702 1536 807 1629; x_wconf 76' lang='lat' dir='ltr'><strong>qualis</strong></span> <span class='ocrx_word' id='word_1_59' title='bbox 833 1535 946 1628; x_wconf 90' lang='lat' dir='ltr'><strong>paullo</strong></span> <span class='ocrx_word' id='word_1_60' title='bbox 983 1555 1059 1602; x_wconf 88' lang='lat' dir='ltr'><strong>ante</strong></span> <span class='ocrx_word' id='word_1_61' title='bbox 1082 1561 1197 1601; x_wconf 77' lang='lat' dir='ltr'><strong>versus</strong></span> 
     </span>
     <span class='ocr_line' id='line_1_10' title="bbox 115 1649 1198 1743; baseline 0 -26"><span class='ocrx_word' id='word_1_62' title='bbox 115 1649 285 1717; x_wconf 84' lang='lat' dir='ltr'><strong>exciderit.</strong></span> <span class='ocrx_word' id='word_1_63' title='bbox 345 1651 409 1733; x_wconf 90' lang='lat' dir='ltr'><strong>Qui</strong></span> <span class='ocrx_word' id='word_1_64' title='bbox 432 1650 568 1742; x_wconf 87' lang='lat' dir='ltr'><strong>quidem</strong></span> <span class='ocrx_word' id='word_1_65' title='bbox 594 1653 620 1716; x_wconf 91' lang='lat' dir='ltr'><strong>si</strong></span> <span class='ocrx_word' id='word_1_66' title='bbox 646 1676 713 1716; x_wconf 88' lang='lat' dir='ltr'><strong>nou</strong></span> <span class='ocrx_word' id='word_1_67' title='bbox 740 1652 809 1731; x_wconf 84' lang='lat' dir='ltr'><strong>suit,</strong></span> <span class='ocrx_word' id='word_1_68' title='bbox 835 1670 868 1718; x_wconf 86' lang='lat' dir='ltr'><strong>at</strong></span> <span class='ocrx_word' id='word_1_69' title='bbox 891 1654 1001 1743; x_wconf 90' lang='lat' dir='ltr'><strong>potuit</strong></span> <span class='ocrx_word' id='word_1_70' title='bbox 1027 1655 1079 1719; x_wconf 90' lang='lat' dir='ltr'><strong>hic</strong></span> <span class='ocrx_word' id='word_1_71' title='bbox 1104 1678 1198 1718; x_wconf 87' lang='lat' dir='ltr'><strong>esse:</strong></span> 
     </span>
     <span class='ocr_line' id='line_1_11' title="bbox 215 1758 1196 1859; baseline 0.002 -28"><span class='ocrx_word' id='word_1_72' title='bbox 215 1789 275 1831; x_wconf 72' lang='lat' dir='ltr'><strong>rr.</strong></span> <span class='ocrx_word' id='word_1_73' title='bbox 300 1758 429 1847; x_wconf 78' lang='lat' dir='ltr'><strong>Pu&#39;ere,&#39;</strong></span> <span class='ocrx_word' id='word_1_74' title='bbox 446 1759 645 1859; x_wconf 84' lang='lat' dir='ltr'><strong>[se]q[uere‚</strong></span> <span class='ocrx_word' id='word_1_75' title='bbox 671 1783 707 1832; x_wconf 83' lang='lat' dir='ltr'><strong>te</strong></span> <span class='ocrx_word' id='word_1_76' title='bbox 729 1763 898 1856; x_wconf 59' lang='lat' dir='ltr'><strong>obsecro]</strong></span> <span class='ocrx_word' id='word_1_77' title='bbox 926 1769 990 1833; x_wconf 80' lang='lat' dir='ltr'><strong>liae</strong></span> <span class='ocrx_word' id='word_1_78' title='bbox 1006 1793 1067 1833; x_wconf 90' lang='lat' dir='ltr'><strong>me.</strong></span> <span class='ocrx_word' id='word_1_79' title='bbox 1120 1764 1196 1854; x_wconf 72' lang='grc' dir='ltr'><strong>[ΡΗ.</strong></span> 
     </span>
     <span class='ocr_line' id='line_1_12' title="bbox 608 1879 1163 1972; baseline -0.002 -24"><span class='ocrx_word' id='word_1_80' title='bbox 608 1879 707 1972; x_wconf 79' lang='lat' dir='ltr'><strong>te&#39;rgo</strong></span> <span class='ocrx_word' id='word_1_81' title='bbox 732 1887 845 1948; x_wconf 86' lang='lat' dir='ltr'><strong>timeo.</strong></span> <span class='ocrx_word' id='word_1_82' title='bbox 898 1907 960 1951; x_wconf 78' lang='lat' dir='ltr'><strong>rr.</strong></span> <span class='ocrx_word' id='word_1_83' title='bbox 988 1879 1030 1949; x_wconf 75' lang='lat' dir='ltr'><strong>rte</strong></span> <span class='ocrx_word' id='word_1_84' title='bbox 1056 1879 1163 1970; x_wconf 71' lang='lat' dir='ltr'><strong>time]</strong></span> 
     </span>
     <span class='ocr_line' id='line_1_13' title="bbox 211 1990 1023 2091; baseline 0.002 -29"><span class='ocrx_word' id='word_1_85' title='bbox 211 1990 336 2070; x_wconf 82' lang='lat' dir='ltr'><strong>Pricre,</strong></span> <span class='ocrx_word' id='word_1_86' title='bbox 361 2000 475 2070; x_wconf 80' lang='lat' dir='ltr'><strong>iamne</strong></span> <span class='ocrx_word' id='word_1_87' title='bbox 495 1991 590 2063; x_wconf 80' lang='lat' dir='ltr'><strong>abis?</strong></span> <span class='ocrx_word' id='word_1_88' title='bbox 634 2021 693 2063; x_wconf 72' lang='grc' dir='ltr'><strong>ΡΗ.</strong></span> <span class='ocrx_word' id='word_1_89' title='bbox 721 1997 860 2063; x_wconf 82' lang='lat' dir='ltr'><strong>libertas</strong></span> <span class='ocrx_word' id='word_1_90' title='bbox 888 2024 915 2064; x_wconf 95' lang='lat' dir='ltr'><strong>e.</strong></span> <span class='ocrx_word' id='word_1_91' title='bbox 940 2025 972 2091; x_wconf 90' lang='lat' dir='ltr'><strong>q.</strong></span> <span class='ocrx_word' id='word_1_92' title='bbox 999 2023 1023 2064; x_wconf 82' lang='lat' dir='ltr'><strong>s</strong></span> 
     </span>
     <span class='ocr_line' id='line_1_14' title="bbox 118 2111 1195 2206; baseline 0.004 -28"><span class='ocrx_word' id='word_1_93' title='bbox 118 2111 239 2179; x_wconf 83' lang='lat' dir='ltr'><strong>Secum</strong></span> <span class='ocrx_word' id='word_1_94' title='bbox 263 2137 327 2176; x_wconf 83' lang='lat' dir='ltr'><strong>unu</strong></span> <span class='ocrx_word' id='word_1_95' title='bbox 350 2112 398 2176; x_wconf 86' lang='lat' dir='ltr'><strong>ire</strong></span> <span class='ocrx_word' id='word_1_96' title='bbox 423 2111 624 2178; x_wconf 87' lang='lat' dir='ltr'><strong>Phaniscum</strong></span> <span class='ocrx_word' id='word_1_97' title='bbox 648 2114 762 2193; x_wconf 89' lang='lat' dir='ltr'><strong>iubet,</strong></span> <span class='ocrx_word' id='word_1_98' title='bbox 798 2132 835 2178; x_wconf 82' lang='lat' dir='ltr'><strong>ut</strong></span> <span class='ocrx_word' id='word_1_99' title='bbox 859 2114 981 2179; x_wconf 85' lang='lat' dir='ltr'><strong>habeut</strong></span> <span class='ocrx_word' id='word_1_100' title='bbox 1011 2139 1079 2206; x_wconf 90' lang='lat' dir='ltr'><strong>quo</strong></span> <span class='ocrx_word' id='word_1_101' title='bbox 1111 2132 1195 2183; x_wconf 88' lang='lat' dir='ltr'><strong>teste</strong></span> 
     </span>
     <span class='ocr_line' id='line_1_15' title="bbox 116 2227 1195 2298; baseline 0.004 -5"><span class='ocrx_word' id='word_1_102' title='bbox 116 2245 225 2293; x_wconf 87' lang='lat' dir='ltr'><strong>utatur</strong></span> <span class='ocrx_word' id='word_1_103' title='bbox 257 2228 291 2292; x_wconf 88' lang='lat' dir='ltr'><strong>in</strong></span> <span class='ocrx_word' id='word_1_104' title='bbox 324 2227 528 2293; x_wconf 78' lang='lat' dir='ltr'><strong>Tranionem</strong></span> <span class='ocrx_word' id='word_1_105' title='bbox 562 2228 626 2292; x_wconf 90' lang='lat' dir='ltr'><strong>iam</strong></span> <span class='ocrx_word' id='word_1_106' title='bbox 660 2229 879 2295; x_wconf 87' lang='lat' dir='ltr'><strong>consulturus.</strong></span> <span class='ocrx_word' id='word_1_107' title='bbox 944 2230 1002 2297; x_wconf 87' lang='lat' dir='ltr'><strong>Eri</strong></span> <span class='ocrx_word' id='word_1_108' title='bbox 1042 2232 1195 2298; x_wconf 86' lang='lat' dir='ltr'><strong>timorem</strong></span> 
     </span>
     <span class='ocr_line' id='line_1_16' title="bbox 115 2343 1195 2435; baseline 0.005 -27"><span class='ocrx_word' id='word_1_109' title='bbox 115 2367 202 2435; x_wconf 90' lang='lat' dir='ltr'><strong>puer</strong></span> <span class='ocrx_word' id='word_1_110' title='bbox 228 2359 405 2410; x_wconf 83' lang='lat' dir='ltr'><strong>caussatur.</strong></span> <span class='ocrx_word' id='word_1_111' title='bbox 455 2344 545 2410; x_wconf 81' lang='lat' dir='ltr'><strong>Leve</strong></span> <span class='ocrx_word' id='word_1_112' title='bbox 573 2344 639 2410; x_wconf 86' lang='lat' dir='ltr'><strong>hoc</strong></span> <span class='ocrx_word' id='word_1_113' title='bbox 669 2370 741 2411; x_wconf 90' lang='lat' dir='ltr'><strong>esse</strong></span> <span class='ocrx_word' id='word_1_114' title='bbox 770 2362 804 2411; x_wconf 85' lang='lat' dir='ltr'><strong>ct</strong></span> <span class='ocrx_word' id='word_1_115' title='bbox 829 2343 912 2409; x_wconf 89' lang='lat' dir='ltr'><strong>nihil</strong></span> <span class='ocrx_word' id='word_1_116' title='bbox 932 2345 1116 2412; x_wconf 88' lang='lat' dir='ltr'><strong>timendum</strong></span> <span class='ocrx_word' id='word_1_117' title='bbox 1142 2373 1195 2413; x_wconf 89' lang='lat' dir='ltr'><strong>se·</strong></span> 
     </span>
     <span class='ocr_line' id='line_1_17' title="bbox 116 2457 1195 2551; baseline 0.002 -27"><span class='ocrx_word' id='word_1_118' title='bbox 116 2484 183 2524; x_wconf 85' lang='lat' dir='ltr'><strong>nex</strong></span> <span class='ocrx_word' id='word_1_119' title='bbox 208 2457 419 2551; x_wconf 88' lang='lat' dir='ltr'><strong>respondens</strong></span> <span class='ocrx_word' id='word_1_120' title='bbox 442 2460 571 2524; x_wconf 87' lang='lat' dir='ltr'><strong>iamiam</strong></span> <span class='ocrx_word' id='word_1_121' title='bbox 598 2459 760 2525; x_wconf 78' lang='lat' dir='ltr'><strong>facessere</strong></span> <span class='ocrx_word' id='word_1_122' title='bbox 784 2459 875 2524; x_wconf 91' lang='lat' dir='ltr'><strong>illum</strong></span> <span class='ocrx_word' id='word_1_123' title='bbox 904 2460 994 2526; x_wconf 83' lang='lat' dir='ltr'><strong>videt</strong></span> <span class='ocrx_word' id='word_1_124' title='bbox 1021 2460 1195 2528; x_wconf 82' lang='lat' dir='ltr'><strong>disceden-</strong></span> 
     </span>
     <span class='ocr_line' id='line_1_18' title="bbox 118 2573 1197 2667; baseline 0.004 -27"><span class='ocrx_word' id='word_1_125' title='bbox 118 2592 256 2667; x_wconf 86' lang='lat' dir='ltr'><strong>temque</strong></span> <span class='ocrx_word' id='word_1_126' title='bbox 283 2575 333 2640; x_wconf 87' lang='lat' dir='ltr'><strong>his</strong></span> <span class='ocrx_word' id='word_1_127' title='bbox 358 2574 469 2639; x_wconf 81' lang='lat' dir='ltr'><strong>verbis</strong></span> <span class='ocrx_word' id='word_1_128' title='bbox 496 2573 666 2641; x_wconf 82' lang='lat' dir='ltr'><strong>inclamet:</strong></span> <span class='ocrx_word' id='word_1_129' title='bbox 690 2600 808 2666; x_wconf 77' lang='lat' dir='ltr'><strong>prere,</strong></span> <span class='ocrx_word' id='word_1_130' title='bbox 835 2581 947 2640; x_wconf 84' lang='lat' dir='ltr'><strong>iamne</strong></span> <span class='ocrx_word' id='word_1_131' title='bbox 973 2575 1074 2642; x_wconf 74' lang='lat' dir='ltr'><strong>abi‘s?</strong></span> <span class='ocrx_word' id='word_1_132' title='bbox 1107 2581 1197 2661; x_wconf 87' lang='lat' dir='ltr'><strong>Quo·</strong></span> 
     </span>
     <span class='ocr_line' id='line_1_19' title="bbox 114 2689 1197 2769; baseline 0.002 -12"><span class='ocrx_word' id='word_1_133' title='bbox 114 2717 189 2758; x_wconf 86' lang='lat' dir='ltr'><strong>rum</strong></span> <span class='ocrx_word' id='word_1_134' title='bbox 215 2692 296 2756; x_wconf 87' lang='lat' dir='ltr'><strong>haec</strong></span> <span class='ocrx_word' id='word_1_135' title='bbox 322 2689 371 2756; x_wconf 82' lang='lat' dir='ltr'><strong>vis</strong></span> <span class='ocrx_word' id='word_1_136' title='bbox 398 2706 455 2769; x_wconf 82' lang='lat' dir='ltr'><strong>est,</strong></span> <span class='ocrx_word' id='word_1_137' title='bbox 480 2708 514 2756; x_wconf 91' lang='lat' dir='ltr'><strong>ut</strong></span> <span class='ocrx_word' id='word_1_138' title='bbox 539 2692 660 2757; x_wconf 89' lang='lat' dir='ltr'><strong>omisso</strong></span> <span class='ocrx_word' id='word_1_139' title='bbox 686 2693 750 2756; x_wconf 88' lang='lat' dir='ltr'><strong>iam</strong></span> <span class='ocrx_word' id='word_1_140' title='bbox 778 2691 955 2758; x_wconf 89' lang='lat' dir='ltr'><strong>comitandi</strong></span> <span class='ocrx_word' id='word_1_141' title='bbox 983 2692 1197 2759; x_wconf 82' lang='lat' dir='ltr'><strong>consiliosal-</strong></span> 
     </span>
     <span class='ocr_line' id='line_1_20' title="bbox 117 2804 1195 2900; baseline 0.002 -26"><span class='ocrx_word' id='word_1_142' title='bbox 117 2825 185 2874; x_wconf 90' lang='lat' dir='ltr'><strong>tem</strong></span> <span class='ocrx_word' id='word_1_143' title='bbox 211 2804 450 2899; x_wconf 83' lang='lat' dir='ltr'><strong>aliquantisper</strong></span> <span class='ocrx_word' id='word_1_144' title='bbox 478 2806 574 2872; x_wconf 87' lang='lat' dir='ltr'><strong>etiam</strong></span> <span class='ocrx_word' id='word_1_145' title='bbox 600 2832 778 2872; x_wconf 89' lang='lat' dir='ltr'><strong>remanere</strong></span> <span class='ocrx_word' id='word_1_146' title='bbox 794 2808 989 2873; x_wconf 84' lang='lat' dir='ltr'><strong>Phaniscum</strong></span> <span class='ocrx_word' id='word_1_147' title='bbox 1014 2807 1102 2885; x_wconf 82' lang='lat' dir='ltr'><strong>velit,</strong></span> <span class='ocrx_word' id='word_1_148' title='bbox 1128 2834 1195 2900; x_wconf 91' lang='lat' dir='ltr'><strong>quo</strong></span> 
     </span>
     <span class='ocr_line' id='line_1_21' title="bbox 115 2922 1196 3015; baseline 0 -27"><span class='ocrx_word' id='word_1_149' title='bbox 115 2922 247 3015; x_wconf 85' lang='lat' dir='ltr'><strong>plenius</strong></span> <span class='ocrx_word' id='word_1_150' title='bbox 268 2947 380 2987; x_wconf 88' lang='lat' dir='ltr'><strong>rerum</strong></span> <span class='ocrx_word' id='word_1_151' title='bbox 407 2948 424 2986; x_wconf 91' lang='lat' dir='ltr'><strong>a</strong></span> <span class='ocrx_word' id='word_1_152' title='bbox 444 2923 613 2986; x_wconf 86' lang='lat' dir='ltr'><strong>Tranione</strong></span> <span class='ocrx_word' id='word_1_153' title='bbox 637 2940 800 3013; x_wconf 82' lang='lat' dir='ltr'><strong>gestarum</strong></span> <span class='ocrx_word' id='word_1_154' title='bbox 826 2924 986 2988; x_wconf 79' lang='lat' dir='ltr'><strong>rationem</strong></span> <span class='ocrx_word' id='word_1_155' title='bbox 1004 2924 1196 2990; x_wconf 88' lang='lat' dir='ltr'><strong>sciscitetur.</strong></span> 
     </span>
     <span class='ocr_line' id='line_1_22' title="bbox 116 3035 1197 3130; baseline 0.001 -26"><span class='ocrx_word' id='word_1_156' title='bbox 116 3042 205 3104; x_wconf 88' lang='lat' dir='ltr'><strong>Puer</strong></span> <span class='ocrx_word' id='word_1_157' title='bbox 229 3053 336 3103; x_wconf 82' lang='lat' dir='ltr'><strong>eutem</strong></span> <span class='ocrx_word' id='word_1_158' title='bbox 363 3035 442 3102; x_wconf 90' lang='lat' dir='ltr'><strong>illuc</strong></span> <span class='ocrx_word' id='word_1_159' title='bbox 466 3037 661 3128; x_wconf 85' lang='lat' dir='ltr'><strong>respiciens,</strong></span> <span class='ocrx_word' id='word_1_160' title='bbox 689 3035 779 3128; x_wconf 89' lang='lat' dir='ltr'><strong>quod</strong></span> <span class='ocrx_word' id='word_1_161' title='bbox 795 3037 1029 3130; x_wconf 87' lang='lat' dir='ltr'><strong>Theuropides</strong></span> <span class='ocrx_word' id='word_1_162' title='bbox 1053 3063 1096 3104; x_wconf 85' lang='lat' dir='ltr'><strong>ne</strong></span> <span class='ocrx_word' id='word_1_163' title='bbox 1117 3044 1197 3105; x_wconf 86' lang='lat' dir='ltr'><strong>time</strong></span> 
     </span>
     <span class='ocr_line' id='line_1_23' title="bbox 118 3149 1196 3247; baseline 0.001 -28"><span class='ocrx_word' id='word_1_164' title='bbox 118 3153 264 3233; x_wconf 85' lang='lat' dir='ltr'><strong>dixerat,</strong></span> <span class='ocrx_word' id='word_1_165' title='bbox 295 3150 393 3219; x_wconf 85' lang='lat' dir='ltr'><strong>facile</strong></span> <span class='ocrx_word' id='word_1_166' title='bbox 419 3167 453 3216; x_wconf 90' lang='lat' dir='ltr'><strong>tu</strong></span> <span class='ocrx_word' id='word_1_167' title='bbox 480 3149 639 3243; x_wconf 86' lang='lat' dir='ltr'><strong>quidem,</strong></span> <span class='ocrx_word' id='word_1_168' title='bbox 667 3153 791 3244; x_wconf 86' lang='lat' dir='ltr'><strong>inquit,</strong></span> <span class='ocrx_word' id='word_1_169' title='bbox 817 3152 906 3220; x_wconf 89' lang='lat' dir='ltr'><strong>istud</strong></span> <span class='ocrx_word' id='word_1_170' title='bbox 933 3153 1034 3235; x_wconf 90' lang='lat' dir='ltr'><strong>dicis,</strong></span> <span class='ocrx_word' id='word_1_171' title='bbox 1070 3156 1196 3247; x_wconf 89' lang='lat' dir='ltr'><strong>quippe</strong></span> 
     </span>
     <span class='ocr_line' id='line_1_24' title="bbox 117 3266 1194 3362; baseline 0.003 -27"><span class='ocrx_word' id='word_1_172' title='bbox 117 3270 175 3362; x_wconf 91' lang='lat' dir='ltr'><strong>qui</strong></span> <span class='ocrx_word' id='word_1_173' title='bbox 200 3271 272 3360; x_wconf 85' lang='lat' dir='ltr'><strong>ipse</strong></span> <span class='ocrx_word' id='word_1_174' title='bbox 298 3292 444 3334; x_wconf 78' lang='lat' dir='ltr'><strong>caussam</strong></span> <span class='ocrx_word' id='word_1_175' title='bbox 468 3269 595 3333; x_wconf 89' lang='lat' dir='ltr'><strong>timoris</strong></span> <span class='ocrx_word' id='word_1_176' title='bbox 624 3266 748 3334; x_wconf 86' lang='lat' dir='ltr'><strong>nullam</strong></span> <span class='ocrx_word' id='word_1_177' title='bbox 779 3269 920 3336; x_wconf 82' lang='lat' dir='ltr'><strong>habeas:</strong></span> <span class='ocrx_word' id='word_1_178' title='bbox 957 3297 974 3334; x_wconf 82' lang='lat' dir='ltr'>a</span> <span class='ocrx_word' id='word_1_179' title='bbox 1006 3296 1069 3362; x_wconf 86' lang='lat' dir='ltr'><strong>qua</strong></span> <span class='ocrx_word' id='word_1_180' title='bbox 1094 3270 1194 3362; x_wconf 79' lang='lat' dir='ltr'><strong>longe</strong></span> 
     </span>
     <span class='ocr_line' id='line_1_25' title="bbox 116 3382 1196 3478; baseline -0.001 -25"><span class='ocrx_word' id='word_1_181' title='bbox 116 3411 190 3453; x_wconf 81' lang='lat' dir='ltr'><strong>mee</strong></span> <span class='ocrx_word' id='word_1_182' title='bbox 216 3383 368 3453; x_wconf 85' lang='lat' dir='ltr'><strong>condicio</strong></span> <span class='ocrx_word' id='word_1_183' title='bbox 396 3382 501 3449; x_wconf 60' lang='lat' dir='ltr'><strong>distas</strong></span> <span class='ocrx_word' id='word_1_184' title='bbox 564 3384 722 3451; x_wconf 81' lang='lat' dir='ltr'><strong>Paenula</strong></span> <span class='ocrx_word' id='word_1_185' title='bbox 755 3387 856 3478; x_wconf 84' lang='lat' dir='ltr'><strong>igitur</strong></span> <span class='ocrx_word' id='word_1_186' title='bbox 887 3411 949 3478; x_wconf 90' lang='lat' dir='ltr'><strong>pro</strong></span> <span class='ocrx_word' id='word_1_187' title='bbox 984 3385 1084 3452; x_wconf 86' lang='lat' dir='ltr'><strong>tutela</strong></span> <span class='ocrx_word' id='word_1_188' title='bbox 1109 3385 1196 3453; x_wconf 86' lang='lat' dir='ltr'><strong>dicta</strong></span> 
     </span>
     <span class='ocr_line' id='line_1_26' title="bbox 116 3497 1196 3596; baseline -0.003 -28"><span class='ocrx_word' id='word_1_189' title='bbox 116 3521 257 3596; x_wconf 87' lang='lat' dir='ltr'><strong>propter</strong></span> <span class='ocrx_word' id='word_1_190' title='bbox 283 3497 426 3589; x_wconf 81' lang='lat' dir='ltr'><strong>tegendi</strong></span> <span class='ocrx_word' id='word_1_191' title='bbox 448 3501 542 3590; x_wconf 77' lang='lat' dir='ltr'><strong>tergi</strong></span> <span class='ocrx_word' id='word_1_192' title='bbox 568 3500 760 3565; x_wconf 85' lang='lat' dir='ltr'><strong>notionem:</strong></span> <span class='ocrx_word' id='word_1_193' title='bbox 800 3520 835 3566; x_wconf 90' lang='lat' dir='ltr'><strong>ut</strong></span> <span class='ocrx_word' id='word_1_194' title='bbox 869 3526 911 3566; x_wconf 91' lang='lat' dir='ltr'><strong>nc</strong></span> <span class='ocrx_word' id='word_1_195' title='bbox 942 3524 1025 3593; x_wconf 87' lang='lat' dir='ltr'><strong>opus</strong></span> <span class='ocrx_word' id='word_1_196' title='bbox 1061 3501 1196 3593; x_wconf 83' lang='lat' dir='ltr'><strong>quidem</strong></span> 
     </span>
     <span class='ocr_line' id='line_1_27' title="bbox 117 3613 1198 3707; baseline -0.005 -24"><span class='ocrx_word' id='word_1_197' title='bbox 117 3617 245 3683; x_wconf 87' lang='lat' dir='ltr'><strong>sithoc</strong></span> <span class='ocrx_word' id='word_1_198' title='bbox 269 3615 367 3682; x_wconf 74' lang='lat' dir='ltr'><strong>ascita</strong></span> <span class='ocrx_word' id='word_1_199' title='bbox 393 3613 494 3679; x_wconf 86' lang='lat' dir='ltr'><strong>Nonii</strong></span> <span class='ocrx_word' id='word_1_200' title='bbox 515 3614 684 3697; x_wconf 84' lang='lat' dir='ltr'><strong>notatione</strong></span> <span class='ocrx_word' id='word_1_201' title='bbox 709 3614 869 3707; x_wconf 84' lang='lat' dir='ltr'><strong>quadam,</strong></span> <span class='ocrx_word' id='word_1_202' title='bbox 897 3642 960 3707; x_wconf 79' lang='lat' dir='ltr'><strong>quo</strong></span> <span class='ocrx_word' id='word_1_203' title='bbox 987 3619 1014 3681; x_wconf 92' lang='lat' dir='ltr'><strong>is</strong></span> <span class='ocrx_word' id='word_1_204' title='bbox 1038 3617 1198 3707; x_wconf 81' lang='lat' dir='ltr'><strong>penulam</strong></span> 
     </span>
     <span class='ocr_line' id='line_1_28' title="bbox 118 3725 1197 3824; baseline -0.003 -27"><span class='ocrx_word' id='word_1_205' title='bbox 118 3733 162 3798; x_wconf 86' lang='lat' dir='ltr'><strong>ait</strong></span> <span class='ocrx_word' id='word_1_206' title='bbox 186 3759 218 3824; x_wconf 92' lang='lat' dir='ltr'><strong>p.</strong></span> <span class='ocrx_word' id='word_1_207' title='bbox 235 3727 317 3809; x_wconf 70' lang='grc'><strong>448,</strong></span> <span class='ocrx_word' id='word_1_208' title='bbox 332 3729 379 3798; x_wconf 68' lang='grc'><strong>24</strong></span> <span class='ocrx_word' id='word_1_209' title='bbox 402 3727 539 3795; x_wconf 78' lang='lat' dir='ltr'><strong>abusive</strong></span> <span class='ocrx_word' id='word_1_210' title='bbox 563 3725 626 3816; x_wconf 82' lang='lat' dir='ltr'><strong>[ad</strong></span> <span class='ocrx_word' id='word_1_211' title='bbox 650 3728 884 3817; x_wconf 86' lang='lat' dir='ltr'><strong>inserendum]</strong></span> <span class='ocrx_word' id='word_1_212' title='bbox 914 3755 1013 3795; x_wconf 77' lang='lat' dir='ltr'><strong>omrte</strong></span> <span class='ocrx_word' id='word_1_213' title='bbox 1039 3729 1197 3821; x_wconf 81' lang='lat' dir='ltr'><strong>quiequid</strong></span> 
     </span>
     <span class='ocr_line' id='line_1_29' title="bbox 118 3843 1198 3937; baseline -0.003 -25"><span class='ocrx_word' id='word_1_214' title='bbox 118 3851 207 3937; x_wconf 80' lang='lat' dir='ltr'><strong>tegit</strong></span> <span class='ocrx_word' id='word_1_215' title='bbox 229 3845 428 3911; x_wconf 80' lang='lat' dir='ltr'><strong>nobilissimi</strong></span> <span class='ocrx_word' id='word_1_216' title='bbox 453 3861 582 3911; x_wconf 79' lang='lat' dir='ltr'><strong>veteres</strong></span> <span class='ocrx_word' id='word_1_217' title='bbox 597 3848 858 3912; x_wconf 77' lang='lat' dir='ltr'><strong>transtulerunt.</strong></span> <span class='ocrx_word' id='word_1_218' title='bbox 897 3847 998 3912; x_wconf 82' lang='lat' dir='ltr'><strong>Cuius</strong></span> <span class='ocrx_word' id='word_1_219' title='bbox 1014 3871 1089 3910; x_wconf 87' lang='lat' dir='ltr'><strong>usus</strong></span> <span class='ocrx_word' id='word_1_220' title='bbox 1106 3843 1198 3936; x_wconf 82' lang='lat' dir='ltr'><strong>quod</strong></span> 
     </span>
     <span class='ocr_line' id='line_1_30' title="bbox 118 3958 1198 4052; baseline -0.006 -23"><span class='ocrx_word' id='word_1_221' title='bbox 118 3988 137 4029; x_wconf 85' lang='lat' dir='ltr'><strong>e</strong></span> <span class='ocrx_word' id='word_1_222' title='bbox 162 3961 321 4027; x_wconf 81' lang='lat' dir='ltr'><strong>Varronis</strong></span> <span class='ocrx_word' id='word_1_223' title='bbox 345 3962 458 4025; x_wconf 89' lang='lat' dir='ltr'><strong>Manio</strong></span> <span class='ocrx_word' id='word_1_224' title='bbox 483 3958 673 4052; x_wconf 87' lang='lat' dir='ltr'><strong>exemplum</strong></span> <span class='ocrx_word' id='word_1_225' title='bbox 699 3962 832 4051; x_wconf 87' lang='lat' dir='ltr'><strong>posuit,</strong></span> <span class='ocrx_word' id='word_1_226' title='bbox 863 3984 901 4024; x_wconf 89' lang='lat' dir='ltr'><strong>eo</strong></span> <span class='ocrx_word' id='word_1_227' title='bbox 937 3985 1003 4024; x_wconf 90' lang='lat' dir='ltr'><strong>non</strong></span> <span class='ocrx_word' id='word_1_228' title='bbox 1029 3958 1111 4023; x_wconf 82' lang='lat' dir='ltr'><strong>illud</strong></span> <span class='ocrx_word' id='word_1_229' title='bbox 1138 3982 1198 4050; x_wconf 88' lang='lat' dir='ltr'><strong>po-</strong></span> 
     </span>
     <span class='ocr_line' id='line_1_31' title="bbox 119 4071 1198 4166; baseline -0.004 -24"><span class='ocrx_word' id='word_1_230' title='bbox 119 4078 201 4156; x_wconf 86' lang='lat' dir='ltr'><strong>tius,</strong></span> <span class='ocrx_word' id='word_1_231' title='bbox 239 4076 335 4141; x_wconf 86' lang='lat' dir='ltr'><strong>etiam</strong></span> <span class='ocrx_word' id='word_1_232' title='bbox 358 4074 494 4166; x_wconf 83' lang='lat' dir='ltr'><strong>figurate</strong></span> <span class='ocrx_word' id='word_1_233' title='bbox 522 4074 606 4153; x_wconf 88' lang='lat' dir='ltr'><strong>dici,</strong></span> <span class='ocrx_word' id='word_1_234' title='bbox 634 4073 793 4151; x_wconf 86' lang='lat' dir='ltr'><strong>docetur,</strong></span> <span class='ocrx_word' id='word_1_235' title='bbox 832 4100 929 4166; x_wconf 87' lang='lat' dir='ltr'><strong>quam</strong></span> <span class='ocrx_word' id='word_1_236' title='bbox 959 4072 1129 4139; x_wconf 78' lang='lat' dir='ltr'><strong>transferri</strong></span> <span class='ocrx_word' id='word_1_237' title='bbox 1156 4071 1198 4138; x_wconf 82' lang='lat' dir='ltr'><strong>ad</strong></span> 
     </span>
     <span class='ocr_line' id='line_1_32' title="bbox 98 4190 823 4282; baseline -0.004 -25"><span class='ocrx_word' id='word_1_238' title='bbox 98 4191 255 4257; x_wconf 70' lang='lat' dir='ltr'><strong>&#39;aliarum</strong></span> <span class='ocrx_word' id='word_1_239' title='bbox 282 4190 431 4280; x_wconf 89' lang='lat' dir='ltr'><strong>eorporis</strong></span> <span class='ocrx_word' id='word_1_240' title='bbox 457 4191 599 4282; x_wconf 86' lang='lat' dir='ltr'><strong>partium</strong></span> <span class='ocrx_word' id='word_1_241' title='bbox 627 4208 823 4282; x_wconf 82' lang='lat' dir='ltr'><strong>tegumenta.</strong></span> 
     </span>
    </p>
   </div>
   <div class='ocr_carea' id='block_1_4' title="bbox 618 4398 704 4485">
    <p class='ocr_par' dir='ltr' id='par_1_4' title="bbox 618 4398 704 4485">
     <span class='ocr_line' id='line_1_33' title="bbox 618 4398 704 4485; baseline -0.047 -20"><span class='ocrx_word' id='word_1_242' title='bbox 618 4398 646 4485; x_wconf 61' lang='grc' dir='ltr'><strong>ς.</strong></span> <span class='ocrx_word' id='word_1_243' title='bbox 673 4398 704 4465; x_wconf 88' lang='lat' dir='ltr'><strong>a.</strong></span> 
     </span>
    </p>
   </div>
   <div class='ocr_carea' id='block_1_5' title="bbox 125 4544 1202 4753">
    <p class='ocr_par' dir='ltr' id='par_1_5' title="bbox 125 4544 1202 4753">
     <span class='ocr_line' id='line_1_34' title="bbox 222 4544 1199 4639; baseline 0.002 -28"><span class='ocrx_word' id='word_1_244' title='bbox 222 4544 379 4636; x_wconf 86' lang='lat' dir='ltr'><strong>Denique</strong></span> <span class='ocrx_word' id='word_1_245' title='bbox 406 4569 423 4610; x_wconf 91' lang='lat' dir='ltr'><strong>e</strong></span> <span class='ocrx_word' id='word_1_246' title='bbox 449 4546 474 4610; x_wconf 93' lang='lat' dir='ltr'>B</span> <span class='ocrx_word' id='word_1_247' title='bbox 502 4569 637 4637; x_wconf 88' lang='lat' dir='ltr'><strong>quoque</strong></span> <span class='ocrx_word' id='word_1_248' title='bbox 671 4570 775 4611; x_wconf 75' lang='lat' dir='ltr'><strong>novus</strong></span> <span class='ocrx_word' id='word_1_249' title='bbox 802 4570 914 4610; x_wconf 76' lang='lat' dir='ltr'><strong>sersus</strong></span> <span class='ocrx_word' id='word_1_250' title='bbox 942 4546 1076 4638; x_wconf 82' lang='lat' dir='ltr'><strong>prodit:</strong></span> <span class='ocrx_word' id='word_1_251' title='bbox 1115 4574 1199 4639; x_wconf 68' lang='lat' dir='ltr'><strong>&lt;pirae</strong></span> 
     </span>
     <span class='ocr_line' id='line_1_35' title="bbox 125 4660 1202 4753; baseline -0.001 -23"><span class='ocrx_word' id='word_1_252' title='bbox 125 4687 178 4730; x_wconf 88' lang='lat' dir='ltr'><strong>res</strong></span> <span class='ocrx_word' id='word_1_253' title='bbox 207 4684 492 4749; x_wconf 16' lang='lat' dir='ltr'><strong>cumlcaussarum</strong></span> <span class='ocrx_word' id='word_1_254' title='bbox 518 4685 640 4726; x_wconf 84' lang='lat' dir='ltr'><strong>nexum</strong></span> <span class='ocrx_word' id='word_1_255' title='bbox 664 4660 776 4753; x_wconf 87' lang='lat' dir='ltr'><strong>paullo</strong></span> <span class='ocrx_word' id='word_1_256' title='bbox 807 4662 1041 4730; x_wconf 86' lang='lat' dir='ltr'><strong>intricatiorem</strong></span> <span class='ocrx_word' id='word_1_257' title='bbox 1071 4664 1202 4742; x_wconf 81' lang='lat' dir='ltr'><strong>habeat,</strong></span> 
     </span>
    </p>
   </div>
   <div class='ocr_carea' id='block_1_6' title="bbox 0 0 1421 5332">
    <p class='ocr_par' dir='ltr' id='par_1_6' title="bbox 0 0 1421 5332">
     <span class='ocr_line' id='line_1_36' title="bbox 0 0 1421 5332; baseline 0 0"><span class='ocrx_word' id='word_1_258' title='bbox 0 0 1421 5332; x_wconf 95' lang='lat' dir='ltr'><strong> </strong></span> 
     </span>
    </p>
   </div>
  </div>
 </body>
</html>
