2820 5332
517 678 736 722 utccmntevs.
1098 652 1169 726 423

87 878 187 943 quam
215 871 306 943 puto,
332 876 394 918 nec
420 852 613 943 opulentiae
636 853 686 918 vel
715 856 833 920 usitate
854 852 1011 920 dicuntur
1039 854 1091 921 vel
1118 882 1170 920 sa-

87 969 128 1032 tis
163 986 373 1060 opportune:
410 992 620 1059 consequeus
658 989 707 1034 est
737 970 835 1034 etiam
858 969 900 1034 ad
923 997 950 1035 v.
978 970 1025 1038 ‘24
1067 978 1171 1062 perti·

87 1109 176 1149 nere.
230 1084 331 1150 Cuius
358 1081 485 1174 duplex
511 1083 641 1162 hiatus,
678 1084 764 1150 male
797 1084 952 1150 defensus
985 1087 1026 1150 ab
1055 1087 1170 1179 Lingio

88 1205 223 1284 Quaest.
250 1197 354 1264 Plaut.
385 1224 420 1290 p.
445 1202 512 1278 21,
547 1202 667 1265 mirum
694 1217 852 1292 quantum
885 1218 984 1292 auget
1009 1202 1171 1292 suspicio·

88 1343 174 1382 uem.
239 1317 357 1406 Neque
384 1316 470 1379 enim
506 1313 683 1380 sutilissimi
709 1315 933 1407 supplementi
961 1340 978 1381 e
1005 1315 1172 1382 Schobin·

89 1433 158 1525 geri
186 1429 304 1496 codice
330 1428 466 1522 proditi,
493 1456 510 1495 a
536 1429 661 1521 Pylade
688 1450 814 1510 autem,
844 1430 994 1523 Vgoleto,
1020 1431 1172 1523 Angelio,

86 1547 174 1614 Aldo
194 1547 354 1636 suscepti:
381 1549 469 1610 mori
492 1569 545 1610 me
570 1548 684 1612 ntnlim
699 1551 823 1611 misem
837 1572 931 1616 emer.
947 1551 1077 1638 inopie,
1104 1545 1171 1611 ulla

88 1665 171 1729 intio
197 1658 363 1739 habenda,
390 1685 454 1727 nec
471 1661 680 1728 Camerariae
708 1664 894 1753 scripturae
921 1667 1009 1727 mori
1024 1685 1076 1726 me
1100 1685 1177 1724 mae

90 1778 196 1855 velim,
221 1801 284 1843 nec
308 1777 415 1842 Bothii
443 1796 704 1844 commentorum
730 1777 808 1843 olim
835 1783 956 1843 moriri
967 1778 1079 1842 malim
1096 1775 1175 1841 med·

88 1891 318 1984 proponentis,
345 1917 456 1983 nuper
481 1897 602 1958 moriri
626 1894 739 1958 malim
765 1919 855 1960 exer.
882 1919 935 1959 me
961 1898 1078 1986 inopia
1102 1919 1173 1958 am·

89 2007 276 2099 plectentis.
327 2007 437 2071 Vnum
466 2007 560 2099 qood
584 2007 712 2100 aliquid
739 2007 952 2076 dubitationis
971 2011 1105 2087 iniiciat,
1131 2007 1172 2073 il-

90 2120 149 2187 lud
177 2139 226 2187 est
258 2120 321 2187 sed
344 2139 477 2200 autem,
514 2122 612 2218 quod·
630 2126 663 2188 iu
692 2122 846 2189 Palatinis
881 2127 1040 2217 scriptum
1071 2141 1174 2189 exstat

92 2263 156 2330 pro
183 2236 312 2330 volgato
340 2264 402 2331 per
427 2263 543 2305 omnes
567 2239 729 2306 editiones
756 2242 1004 2333 etLipsieusem
1022 2240 1173 2308 codicem

92 2353 156 2418 sed
185 2371 287 2419 ente:
321 2353 381 2420 sed
416 2361 528 2421 tamen
564 2382 607 2422 ne
635 2357 700 2422 hoc
728 2356 867 2448 quidem
902 2383 974 2422 esse
1011 2353 1173 2421 eiusmodi

91 2468 232 2550 videtur,
260 2487 296 2534 ut
320 2493 388 2536 nou
415 2473 564 2562 potuerit
589 2496 628 2536 ex
654 2472 758 2563 ipsius
785 2473 968 2539 imitatione
996 2471 1102 2537 Plauti
1116 2497 1173 2537 ua-

90 2584 187 2669 sci.')
239 2586 366 2651 Confer
390 2585 473 2650 Rud.
500 2587 542 2664 II,
570 2588 602 2665 5,
632 2589 684 2654 15.
712 2590 813 2654 Troe.
841 2587 883 2667 ll,
911 2590 943 2666 3,
973 2585 1026 2654 tl.
1056 2641 1065 2653 .

586 2801 615 2888 §-
646 2804 678 2872 8·
1149 2840 1249 2928 Α.

187 2965 323 3028 Restant
349 2962 486 3056 quidam
509 2964 709 3032 Bacchidem
737 2991 860 3047 versus,
886 2991 969 3060 quos
993 2970 1051 3034 etsi
1067 2969 1175 3034 Osan-

95 3104 155 3145 nus
182 3083 214 3144 in
240 3076 385 3171 duplicis
412 3081 618 3148 recensionis
647 3085 841 3149 societatem
869 3107 935 3148 non
964 3085 1098 3163 aseivit,
1128 3102 1176 3149 ta-

96 3221 172 3260 men
195 3218 263 3259 non
290 3199 518 3286 praetermisit
542 3196 779 3264 Analectorum
808 3203 916 3291 capite
944 3201 1015 3279 IX,
1031 3225 1096 3292 quo
1123 3204 1177 3265 in-

96 3309 359 3401 terpolationem
384 3311 568 3377 fabularum
596 3313 821 3380 plautinarum
855 3314 1012 3409 indagine
1043 3315 1176 3380 studuit.

95 3427 245 3519 Namque
272 3454 289 3491 a
315 3426 429 3493 Plauto
460 3427 629 3519 profectos
657 3455 729 3496 esse
755 3431 816 3497 hos
843 3456 955 3496 versus
990 3443 1088 3526 negat
1120 3434 1178 3514 IV,

95 3543 126 3619 9,
158 3538 225 3610 149
246 3566 337 3634 sqq.:

195 3656 274 3734 Sed,
302 3650 523 3748 spectatores,
551 3652 607 3722 vo's
631 3682 723 3725 nunc
749 3684 793 3725 ne
820 3656 997 3735 mirimiui‚

199 3772 301 3864 Quod
325 3772 397 3839 utin
424 3773 603 3865 triumpho.
626 3770 915 3866 pe'rvulgatumst:
942 3770 995 3840 nil
1017 3798 1139 3839 moror.

200 3882 445 3956 Verumtamen
471 3884 682 3981 accipie'ntur
707 3890 812 3954 mutto
839 3883 972 3954 milites.

199 4005 300 4069 Nune
326 4000 416 4070 ltduc
438 4003 605 4095 praedam
630 4028 764 4070 omnem
798 4009 866 4071 inm
892 4001 941 4069 u'd
970 4018 1185 4095 qtraestot‘em

691 4114 857 4201 deiferum.

99 4293 399 4307 u——qa

156 4378 181 4448 ⁰)
202 4374 291 4427 Simile
309 4374 428 4442 quiddam
451 4375 582 4442 tetigimus
604 4375 670 4428 Dias.
690 4373 735 4436 lx,
756 4388 779 4423 c.
800 4373 819 4436 i,
840 4376 856 4437 §
875 4374 900 4423 2.
924 4405 956 4413 -
976 4371 1094 4423 Ceterum
1115 4360 1186 4439 quoa'

204 4469 332 4520 hocloco
355 4471 507 4522 Bacchidem
526 4485 616 4521 versus
637 4469 818 4535 supposititios
846 4469 975 4532 diximus,
1006 4467 1108 4519 eoadem
1133 4483 1183 4518 nec

203 4564 244 4614 vei
266 4563 324 4630 plus
342 4565 384 4615 rei
407 4568 489 4616 minus
509 4564 603 4615 abesse
620 4565 652 4614 ab
673 4564 839 4614 umbrosiane
861 4571 950 4630 postea
967 4566 1097 4629 comperi:
1127 4563 1179 4613 vid.

198 4659 268 4712 Diae.
290 4660 368 4728 antiq.
396 4659 463 4711 stud.
479 4674 500 4710 a.
524 4659 588 4710 1837
610 4674 635 4725 p.
655 4657 715 4719 tte.
