<?xml version="1.0" encoding="UTF-8"?>
<!DOCTYPE html PUBLIC "-//W3C//DTD XHTML 1.0 Transitional//EN"
    "http://www.w3.org/TR/xhtml1/DTD/xhtml1-transitional.dtd">
<html xmlns="http://www.w3.org/1999/xhtml" xml:lang="en" lang="en">
 <head>
  <title>
</title>
<meta http-equiv="Content-Type" content="text/html;charset=utf-8" />
  <meta name='ocr-system' content='tesseract 3.04.00' />
  <meta name='ocr-capabilities' content='ocr_page ocr_carea ocr_par ocr_line ocrx_word'/>
</head>
<body>
  <div class='ocr_page' id='page_1' title='image "./parergonplautin01ritsgoog_0552.png"; bbox 0 0 2820 5332; ppageno 0'>
   <div class='ocr_carea' id='block_1_1' title="bbox 119 1826 1194 1935">
    <p class='ocr_par' dir='ltr' id='par_1_1' title="bbox 119 1826 1194 1935">
     <span class='ocr_line' id='line_1_1' title="bbox 119 1826 1194 1935; baseline 0.019 -40"><span class='ocrx_word' id='word_1_1' title='bbox 119 1830 180 1895; x_wconf 86' lang='lat' dir='ltr'><strong>DE</strong></span> <span class='ocrx_word' id='word_1_2' title='bbox 205 1826 600 1903; x_wconf 86' lang='lat' dir='ltr'><strong>INTERPOLATIONE</strong></span> <span class='ocrx_word' id='word_1_3' title='bbox 626 1837 859 1911; x_wconf 87' lang='lat' dir='ltr'><strong>TRINVMMI</strong></span> <span class='ocrx_word' id='word_1_4' title='bbox 884 1843 1148 1914; x_wconf 76' lang='lat' dir='ltr'><strong>PLAVTlNAE.</strong></span> <span class='ocrx_word' id='word_1_5' title='bbox 1163 1844 1194 1935; x_wconf 76' lang='lat'><strong>*)</strong></span> 
     </span>
    </p>
   </div>
   <div class='ocr_carea' id='block_1_2' title="bbox 553 2085 773 2104">
    <p class='ocr_par' dir='ltr' id='par_1_2' title="bbox 553 2085 773 2104">
     <span class='ocr_line' id='line_1_2' title="bbox 553 2085 773 2104; baseline 0.005 -1"><span class='ocrx_word' id='word_1_6' title='bbox 553 2085 773 2104; x_wconf 46' lang='grc' dir='ltr'><strong>-ῄ-</strong></span> 
     </span>
    </p>
   </div>
   <div class='ocr_carea' id='block_1_3' title="bbox 522 2339 799 2436">
    <p class='ocr_par' dir='ltr' id='par_1_3' title="bbox 522 2339 799 2436">
     <span class='ocr_line' id='line_1_3' title="bbox 522 2339 799 2436; baseline -0.007 -27"><span class='ocrx_word' id='word_1_7' title='bbox 522 2339 723 2436; x_wconf 83' lang='lat' dir='ltr'><strong>Caput</strong></span> <span class='ocrx_word' id='word_1_8' title='bbox 772 2340 799 2407; x_wconf 83' lang='lat' dir='ltr'><strong>l.</strong></span> 
     </span>
    </p>
   </div>
   <div class='ocr_carea' id='block_1_4' title="bbox 76 2568 1249 3705">
    <p class='ocr_par' dir='ltr' id='par_1_4' title="bbox 76 2568 1249 3705">
     <span class='ocr_line' id='line_1_4' title="bbox 216 2568 1193 2665; baseline 0.006 -31"><span class='ocrx_word' id='word_1_9' title='bbox 216 2568 447 2636; x_wconf 88' lang='lat' dir='ltr'><strong>Plenissimum</strong></span> <span class='ocrx_word' id='word_1_10' title='bbox 471 2570 776 2662; x_wconf 75' lang='lat' dir='ltr'><strong>interpretamentis</strong></span> <span class='ocrx_word' id='word_1_11' title='bbox 801 2587 901 2664; x_wconf 87' lang='lat' dir='ltr'><strong>atque</strong></span> <span class='ocrx_word' id='word_1_12' title='bbox 925 2570 1193 2665; x_wconf 85' lang='lat' dir='ltr'><strong>interpolationi-</strong></span> 
     </span>
     <span class='ocr_line' id='line_1_5' title="bbox 116 2684 1194 2756; baseline 0.006 -7"><span class='ocrx_word' id='word_1_13' title='bbox 116 2685 179 2749; x_wconf 89' lang='lat' dir='ltr'><strong>bus</strong></span> <span class='ocrx_word' id='word_1_14' title='bbox 204 2684 355 2751; x_wconf 90' lang='lat' dir='ltr'><strong>Plautum</strong></span> <span class='ocrx_word' id='word_1_15' title='bbox 380 2685 445 2751; x_wconf 86' lang='lat' dir='ltr'><strong>iam</strong></span> <span class='ocrx_word' id='word_1_16' title='bbox 468 2684 743 2753; x_wconf 80' lang='lat' dir='ltr'><strong>Godofredus</strong></span> <span class='ocrx_word' id='word_1_17' title='bbox 768 2687 1037 2755; x_wconf 86' lang='lat' dir='ltr'><strong>Hermannus</strong></span> <span class='ocrx_word' id='word_1_18' title='bbox 1063 2688 1194 2756; x_wconf 84' lang='lat' dir='ltr'><strong>dixerat</strong></span> 
     </span>
     <span class='ocr_line' id='line_1_6' title="bbox 116 2798 1193 2894; baseline 0 -31"><span class='ocrx_word' id='word_1_19' title='bbox 116 2798 256 2889; x_wconf 83' lang='lat' dir='ltr'><strong>praelat.</strong></span> <span class='ocrx_word' id='word_1_20' title='bbox 279 2800 372 2865; x_wconf 86' lang='lat' dir='ltr'><strong>Trin.</strong></span> <span class='ocrx_word' id='word_1_21' title='bbox 395 2826 427 2892; x_wconf 87' lang='lat' dir='ltr'><strong>p.</strong></span> <span class='ocrx_word' id='word_1_22' title='bbox 454 2799 512 2866; x_wconf 87' lang='lat' dir='ltr'><strong>XI.</strong></span> <span class='ocrx_word' id='word_1_23' title='bbox 575 2803 604 2867; x_wconf 88' lang='lat' dir='ltr'>E</span> <span class='ocrx_word' id='word_1_24' title='bbox 630 2825 696 2894; x_wconf 90' lang='lat' dir='ltr'><strong>quo</strong></span> <span class='ocrx_word' id='word_1_25' title='bbox 724 2818 875 2893; x_wconf 89' lang='lat' dir='ltr'><strong>tempore</strong></span> <span class='ocrx_word' id='word_1_26' title='bbox 902 2804 964 2868; x_wconf 89' lang='lat' dir='ltr'><strong>etsi</strong></span> <span class='ocrx_word' id='word_1_27' title='bbox 988 2803 1023 2868; x_wconf 93' lang='lat' dir='ltr'><strong>in</strong></span> <span class='ocrx_word' id='word_1_28' title='bbox 1047 2802 1114 2869; x_wconf 85' lang='lat' dir='ltr'><strong>illis</strong></span> <span class='ocrx_word' id='word_1_29' title='bbox 1140 2807 1193 2873; x_wconf 91' lang='lat' dir='ltr'><strong>in.</strong></span> 
     </span>
     <span class='ocr_line' id='line_1_7' title="bbox 114 2912 1191 3004; baseline 0.012 -28"><span class='ocrx_word' id='word_1_30' title='bbox 114 2912 274 3004; x_wconf 83' lang='lat' dir='ltr'><strong>dagandis</strong></span> <span class='ocrx_word' id='word_1_31' title='bbox 314 2940 389 2982; x_wconf 90' lang='lat' dir='ltr'><strong>cum</strong></span> <span class='ocrx_word' id='word_1_32' title='bbox 423 2913 592 2998; x_wconf 88' lang='lat' dir='ltr'><strong>editores,</strong></span> <span class='ocrx_word' id='word_1_33' title='bbox 631 2917 737 2983; x_wconf 82' lang='lat' dir='ltr'>sicubi</span> <span class='ocrx_word' id='word_1_34' title='bbox 771 2915 826 2983; x_wconf 77' lang='lat' dir='ltr'><strong>vel</strong></span> <span class='ocrx_word' id='word_1_35' title='bbox 859 2941 952 2984; x_wconf 87' lang='lat' dir='ltr'><strong>casus</strong></span> <span class='ocrx_word' id='word_1_36' title='bbox 982 2915 1035 2984; x_wconf 86' lang='lat' dir='ltr'><strong>vcl</strong></span> <span class='ocrx_word' id='word_1_37' title='bbox 1060 2921 1191 2989; x_wconf 84' lang='lat' dir='ltr'>occasio</span> 
     </span>
     <span class='ocr_line' id='line_1_8' title="bbox 113 3028 1192 3125; baseline 0.006 -30"><span class='ocrx_word' id='word_1_38' title='bbox 113 3028 216 3095; x_wconf 84' lang='lat' dir='ltr'><strong>ferret</strong></span> <span class='ocrx_word' id='word_1_39' title='bbox 224 3079 234 3110; x_wconf 92' lang='lat'><strong><em>,</em></strong></span> <span class='ocrx_word' id='word_1_40' title='bbox 270 3029 508 3112; x_wconf 84' lang='lat' dir='ltr'><strong>elaborarunt,</strong></span> <span class='ocrx_word' id='word_1_41' title='bbox 543 3049 612 3101; x_wconf 88' lang='lat' dir='ltr'><strong>tum</strong></span> <span class='ocrx_word' id='word_1_42' title='bbox 638 3030 841 3124; x_wconf 79' lang='lat' dir='ltr'><strong>singularem</strong></span> <span class='ocrx_word' id='word_1_43' title='bbox 874 3056 1010 3125; x_wconf 87' lang='lat' dir='ltr'><strong>operam</strong></span> <span class='ocrx_word' id='word_1_44' title='bbox 1037 3032 1192 3111; x_wconf 81' lang='lat' dir='ltr'><strong>Osannns</strong></span> 
     </span>
     <span class='ocr_line' id='line_1_9' title="bbox 114 3145 1191 3242; baseline 0.006 -32"><span class='ocrx_word' id='word_1_45' title='bbox 114 3145 300 3213; x_wconf 88' lang='lat' dir='ltr'><strong>Analecton</strong></span> <span class='ocrx_word' id='word_1_46' title='bbox 325 3171 397 3239; x_wconf 85' lang='lat' dir='ltr'><strong>cap.</strong></span> <span class='ocrx_word' id='word_1_47' title='bbox 425 3147 516 3214; x_wconf 88' lang='lat' dir='ltr'>VIII.</span> <span class='ocrx_word' id='word_1_48' title='bbox 543 3147 601 3213; x_wconf 83' lang='lat' dir='ltr'><strong>lx.</strong></span> <span class='ocrx_word' id='word_1_49' title='bbox 624 3147 660 3213; x_wconf 87' lang='lat' dir='ltr'>X</span> <span class='ocrx_word' id='word_1_50' title='bbox 684 3149 911 3242; x_wconf 82' lang='lat' dir='ltr'><strong>consumpsit:</strong></span> <span class='ocrx_word' id='word_1_51' title='bbox 950 3165 1060 3215; x_wconf 87' lang='lat' dir='ltr'><strong>tamen</strong></span> <span class='ocrx_word' id='word_1_52' title='bbox 1084 3175 1191 3242; x_wconf 88' lang='lat' dir='ltr'><strong>quan-</strong></span> 
     </span>
     <span class='ocr_line' id='line_1_10' title="bbox 116 3260 1191 3358; baseline 0.007 -33"><span class='ocrx_word' id='word_1_53' title='bbox 116 3277 184 3325; x_wconf 86' lang='lat' dir='ltr'><strong>tum</strong></span> <span class='ocrx_word' id='word_1_54' title='bbox 210 3262 262 3340; x_wconf 87' lang='lat' dir='ltr'><strong>sit,</strong></span> <span class='ocrx_word' id='word_1_55' title='bbox 288 3260 380 3353; x_wconf 90' lang='lat' dir='ltr'><strong>quod</strong></span> <span class='ocrx_word' id='word_1_56' title='bbox 404 3262 440 3329; x_wconf 89' lang='lat' dir='ltr'><strong>in</strong></span> <span class='ocrx_word' id='word_1_57' title='bbox 462 3262 527 3331; x_wconf 90' lang='lat' dir='ltr'><strong>hoc</strong></span> <span class='ocrx_word' id='word_1_58' title='bbox 552 3287 675 3356; x_wconf 83' lang='lat' dir='ltr'><strong>genere</strong></span> <span class='ocrx_word' id='word_1_59' title='bbox 700 3264 744 3329; x_wconf 89' lang='lat' dir='ltr'><strong>sit</strong></span> <span class='ocrx_word' id='word_1_60' title='bbox 766 3261 1091 3356; x_wconf 79' lang='lat' dir='ltr'><strong>reliquumfactum,</strong></span> <span class='ocrx_word' id='word_1_61' title='bbox 1113 3290 1191 3358; x_wconf 83' lang='lat' dir='ltr'><strong>spe-</strong></span> 
     </span>
     <span class='ocr_line' id='line_1_11' title="bbox 76 3376 1189 3475; baseline 0.007 -33"><span class='ocrx_word' id='word_1_62' title='bbox 76 3404 78 3410; x_wconf 50' lang='lat'><em>*</em></span> <span class='ocrx_word' id='word_1_63' title='bbox 111 3376 221 3442; x_wconf 74' lang='lat' dir='ltr'><strong>radus</strong></span> <span class='ocrx_word' id='word_1_64' title='bbox 257 3376 331 3446; x_wconf 88' lang='lat' dir='ltr'><strong>sore</strong></span> <span class='ocrx_word' id='word_1_65' title='bbox 364 3395 492 3445; x_wconf 89' lang='lat' dir='ltr'><strong>utnon</strong></span> <span class='ocrx_word' id='word_1_66' title='bbox 526 3381 597 3445; x_wconf 90' lang='lat' dir='ltr'><strong>sine</strong></span> <span class='ocrx_word' id='word_1_67' title='bbox 618 3377 738 3472; x_wconf 64' lang='lat' dir='ltr'><strong>&#39;aliqua</strong></span> <span class='ocrx_word' id='word_1_68' title='bbox 767 3379 941 3447; x_wconf 87' lang='lat' dir='ltr'><strong>miratione</strong></span> <span class='ocrx_word' id='word_1_69' title='bbox 975 3378 1189 3475; x_wconf 81' lang='lat' dir='ltr'><strong>intelligatur.</strong></span> 
     </span>
     <span class='ocr_line' id='line_1_12' title="bbox 113 3491 1188 3590; baseline 0.007 -33"><span class='ocrx_word' id='word_1_70' title='bbox 113 3494 218 3574; x_wconf 88' lang='lat' dir='ltr'><strong>Quam</strong></span> <span class='ocrx_word' id='word_1_71' title='bbox 245 3491 285 3558; x_wconf 84' lang='lat' dir='ltr'><strong>ad</strong></span> <span class='ocrx_word' id='word_1_72' title='bbox 312 3516 387 3559; x_wconf 86' lang='lat' dir='ltr'><strong>rem</strong></span> <span class='ocrx_word' id='word_1_73' title='bbox 413 3491 541 3586; x_wconf 84' lang='lat' dir='ltr'><strong>duplici</strong></span> <span class='ocrx_word' id='word_1_74' title='bbox 567 3493 700 3562; x_wconf 82' lang='lat' dir='ltr'><strong>videtur</strong></span> <span class='ocrx_word' id='word_1_75' title='bbox 732 3491 957 3588; x_wconf 82' lang='lat' dir='ltr'><strong>disputatione</strong></span> <span class='ocrx_word' id='word_1_76' title='bbox 983 3518 1066 3590; x_wconf 88' lang='lat' dir='ltr'><strong>opus</strong></span> <span class='ocrx_word' id='word_1_77' title='bbox 1094 3520 1188 3565; x_wconf 86' lang='lat' dir='ltr'><strong>esse:</strong></span> 
     </span>
     <span class='ocr_line' id='line_1_13' title="bbox 111 3607 1249 3705; baseline 0.002 -32"><span class='ocrx_word' id='word_1_78' title='bbox 111 3626 252 3701; x_wconf 86' lang='lat' dir='ltr'><strong>quarum</strong></span> <span class='ocrx_word' id='word_1_79' title='bbox 275 3608 381 3676; x_wconf 84' lang='lat' dir='ltr'><strong>altera</strong></span> <span class='ocrx_word' id='word_1_80' title='bbox 391 3607 438 3694; x_wconf 79' lang='lat'><strong>**)</strong></span> <span class='ocrx_word' id='word_1_81' title='bbox 459 3610 595 3679; x_wconf 73' lang='lat' dir='ltr'><strong>rationis</strong></span> <span class='ocrx_word' id='word_1_82' title='bbox 612 3609 806 3681; x_wconf 80' lang='lat' dir='ltr'><strong>diversitate</strong></span> <span class='ocrx_word' id='word_1_83' title='bbox 831 3609 998 3678; x_wconf 87' lang='lat' dir='ltr'><strong>discretae</strong></span> <span class='ocrx_word' id='word_1_84' title='bbox 1021 3613 1189 3705; x_wconf 88' lang='lat' dir='ltr'><strong>certisque</strong></span> <span class='ocrx_word' id='word_1_85' title='bbox 1238 3651 1249 3675; x_wconf 79' lang='lat'><em>0</em></span> 
     </span>
    </p>
   </div>
   <div class='ocr_carea' id='block_1_5' title="bbox 112 3714 1189 3821">
    <p class='ocr_par' dir='ltr' id='par_1_5' title="bbox 112 3714 1189 3821">
     <span class='ocr_line' id='line_1_14' title="bbox 112 3714 1189 3821; baseline 0.006 -34"><span class='ocrx_word' id='word_1_86' title='bbox 112 3721 270 3793; x_wconf 89' lang='lat' dir='ltr'><strong>classibus</strong></span> <span class='ocrx_word' id='word_1_87' title='bbox 304 3725 484 3820; x_wconf 88' lang='lat' dir='ltr'><strong>dispositae</strong></span> <span class='ocrx_word' id='word_1_88' title='bbox 518 3726 796 3821; x_wconf 87' lang='lat' dir='ltr'><strong>interpolationes</strong></span> <span class='ocrx_word' id='word_1_89' title='bbox 828 3752 846 3793; x_wconf 89' lang='lat' dir='ltr'><strong>e</strong></span> <span class='ocrx_word' id='word_1_90' title='bbox 882 3714 1041 3792; x_wconf 83' lang='lat' dir='ltr'><strong>Plautinis</strong></span> <span class='ocrx_word' id='word_1_91' title='bbox 1069 3725 1189 3793; x_wconf 79' lang='lat' dir='ltr'><strong>fabulis</strong></span> 
     </span>
    </p>
   </div>
   <div class='ocr_carea' id='block_1_6' title="bbox 106 3838 1188 4400">
    <p class='ocr_par' dir='ltr' id='par_1_6' title="bbox 106 3838 1188 4400">
     <span class='ocr_line' id='line_1_15' title="bbox 111 3838 1188 3935; baseline 0.005 -32"><span class='ocrx_word' id='word_1_92' title='bbox 111 3842 237 3905; x_wconf 88' lang='lat' dir='ltr'><strong>cunctis</strong></span> <span class='ocrx_word' id='word_1_93' title='bbox 263 3841 530 3935; x_wconf 86' lang='lat' dir='ltr'><strong>proponendae,</strong></span> <span class='ocrx_word' id='word_1_94' title='bbox 567 3842 670 3910; x_wconf 88' lang='lat' dir='ltr'><strong>altera</strong></span> <span class='ocrx_word' id='word_1_95' title='bbox 703 3860 814 3909; x_wconf 88' lang='lat' dir='ltr'><strong>autem</strong></span> <span class='ocrx_word' id='word_1_96' title='bbox 839 3842 901 3908; x_wconf 83' lang='lat' dir='ltr'><strong>hac</strong></span> <span class='ocrx_word' id='word_1_97' title='bbox 926 3841 1023 3906; x_wconf 84' lang='lat' dir='ltr'><strong>unius</strong></span> <span class='ocrx_word' id='word_1_98' title='bbox 1049 3838 1188 3908; x_wconf 77' lang='lat' dir='ltr'><strong>alicuius</strong></span> 
     </span>
     <span class='ocr_line' id='line_1_16' title="bbox 106 3953 1188 4049; baseline 0.001 -29"><span class='ocrx_word' id='word_1_99' title='bbox 106 3954 241 4021; x_wconf 79' lang='lat' dir='ltr'><strong>fabulae</strong></span> <span class='ocrx_word' id='word_1_100' title='bbox 265 3957 415 4048; x_wconf 81' lang='lat' dir='ltr'><strong>integrae</strong></span> <span class='ocrx_word' id='word_1_101' title='bbox 437 3976 555 4026; x_wconf 87' lang='lat' dir='ltr'><strong>cuncta</strong></span> <span class='ocrx_word' id='word_1_102' title='bbox 578 3956 729 4049; x_wconf 85' lang='lat' dir='ltr'><strong>exempla</strong></span> <span class='ocrx_word' id='word_1_103' title='bbox 754 3953 937 4023; x_wconf 88' lang='lat' dir='ltr'><strong>secundum</strong></span> <span class='ocrx_word' id='word_1_104' title='bbox 960 3978 1115 4022; x_wconf 85' lang='lat' dir='ltr'><strong>versuum</strong></span> <span class='ocrx_word' id='word_1_105' title='bbox 1132 3978 1188 4023; x_wconf 91' lang='lat' dir='ltr'><strong>or-</strong></span> 
     </span>
     <span class='ocr_line' id='line_1_17' title="bbox 109 4068 1188 4167; baseline 0.007 -33"><span class='ocrx_word' id='word_1_106' title='bbox 109 4068 223 4135; x_wconf 90' lang='lat' dir='ltr'><strong>dinem</strong></span> <span class='ocrx_word' id='word_1_107' title='bbox 249 4095 315 4137; x_wconf 92' lang='lat' dir='ltr'><strong>uno</strong></span> <span class='ocrx_word' id='word_1_108' title='bbox 338 4073 374 4137; x_wconf 90' lang='lat' dir='ltr'><strong>in</strong></span> <span class='ocrx_word' id='word_1_109' title='bbox 398 4073 475 4142; x_wconf 90' lang='lat' dir='ltr'><strong>loco</strong></span> <span class='ocrx_word' id='word_1_110' title='bbox 516 4070 749 4167; x_wconf 77' lang='lat' dir='ltr'><strong>componenda</strong></span> <span class='ocrx_word' id='word_1_111' title='bbox 782 4089 866 4138; x_wconf 87' lang='lat' dir='ltr'><strong>sunt</strong></span> <span class='ocrx_word' id='word_1_112' title='bbox 928 4071 1012 4137; x_wconf 88' lang='lat' dir='ltr'><strong>Eam</strong></span> <span class='ocrx_word' id='word_1_113' title='bbox 1041 4069 1188 4142; x_wconf 72' lang='lat' dir='ltr'><strong>fabulam</strong></span> 
     </span>
     <span class='ocr_line' id='line_1_18' title="bbox 108 4183 1187 4279; baseline 0.006 -28"><span class='ocrx_word' id='word_1_114' title='bbox 108 4183 270 4251; x_wconf 86' lang='lat' dir='ltr'><strong>voluimus</strong></span> <span class='ocrx_word' id='word_1_115' title='bbox 305 4189 599 4255; x_wconf 88' lang='lat' dir='ltr'><strong>Trinummnm</strong></span> <span class='ocrx_word' id='word_1_116' title='bbox 626 4212 720 4268; x_wconf 84' lang='lat' dir='ltr'><strong>esse,</strong></span> <span class='ocrx_word' id='word_1_117' title='bbox 758 4205 794 4254; x_wconf 90' lang='lat' dir='ltr'><strong>ut</strong></span> <span class='ocrx_word' id='word_1_118' title='bbox 827 4210 912 4279; x_wconf 85' lang='lat' dir='ltr'><strong>quac</strong></span> <span class='ocrx_word' id='word_1_119' title='bbox 947 4187 1187 4257; x_wconf 83' lang='lat' dir='ltr'><strong>Hermanni</strong></span> 
     </span>
     <span class='ocr_line' id='line_1_19' title="bbox 107 4301 1186 4400; baseline 0.006 -33"><span class='ocrx_word' id='word_1_120' title='bbox 107 4301 225 4367; x_wconf 85' lang='lat' dir='ltr'><strong>virtute</strong></span> <span class='ocrx_word' id='word_1_121' title='bbox 258 4327 277 4366; x_wconf 88' lang='lat' dir='ltr'><strong>a</strong></span> <span class='ocrx_word' id='word_1_122' title='bbox 316 4302 455 4392; x_wconf 85' lang='lat' dir='ltr'><strong>pristina</strong></span> <span class='ocrx_word' id='word_1_123' title='bbox 495 4305 681 4399; x_wconf 83' lang='lat' dir='ltr'><strong>integritate</strong></span> <span class='ocrx_word' id='word_1_124' title='bbox 718 4303 859 4399; x_wconf 86' lang='lat' dir='ltr'><strong>propius</strong></span> <span class='ocrx_word' id='word_1_125' title='bbox 899 4327 1001 4398; x_wconf 78' lang='lat' dir='ltr'><strong>quam</strong></span> <span class='ocrx_word' id='word_1_126' title='bbox 1037 4303 1186 4400; x_wconf 74' lang='lat' dir='ltr'><strong>reliquae</strong></span> 
     </span>
    </p>
   </div>
   <div class='ocr_carea' id='block_1_7' title="bbox 150 4556 585 4734">
    <p class='ocr_par' dir='ltr' id='par_1_7' title="bbox 150 4556 585 4734">
     <span class='ocr_line' id='line_1_20' title="bbox 160 4556 585 4627; baseline 0.007 -17"><span class='ocrx_word' id='word_1_127' title='bbox 160 4560 187 4627; x_wconf 80' lang='lat'><strong>*)</strong></span> <span class='ocrx_word' id='word_1_128' title='bbox 205 4556 280 4610; x_wconf 75' lang='lat' dir='ltr'><strong>Edita</strong></span> <span class='ocrx_word' id='word_1_129' title='bbox 299 4572 322 4611; x_wconf 86' lang='grc' dir='ltr'><strong>ι.</strong></span> <span class='ocrx_word' id='word_1_130' title='bbox 341 4571 585 4616; x_wconf 77' lang='lat' dir='ltr'><strong>ctsracccnxxnu.</strong></span> 
     </span>
     <span class='ocr_line' id='line_1_21' title="bbox 150 4660 582 4734; baseline 0.009 -21"><span class='ocrx_word' id='word_1_131' title='bbox 150 4660 190 4734; x_wconf 71' lang='lat'><strong>⁴⁹)</strong></span> <span class='ocrx_word' id='word_1_132' title='bbox 207 4660 270 4714; x_wconf 81' lang='lat' dir='ltr'><strong>Ean</strong></span> <span class='ocrx_word' id='word_1_133' title='bbox 288 4661 417 4714; x_wconf 80' lang='lat' dir='ltr'><strong>voluinnu</strong></span> <span class='ocrx_word' id='word_1_134' title='bbox 433 4661 492 4720; x_wconf 76' lang='lat' dir='ltr'><strong>Xll</strong></span> <span class='ocrx_word' id='word_1_135' title='bbox 513 4676 582 4717; x_wconf 74' lang='lat' dir='ltr'><strong>cue.</strong></span> 
     </span>
    </p>
   </div>
   <div class='ocr_carea' id='block_1_8' title="bbox 0 0 1414 5332">
    <p class='ocr_par' dir='ltr' id='par_1_8' title="bbox 0 0 1414 5332">
     <span class='ocr_line' id='line_1_22' title="bbox 0 0 1414 5332; baseline 0 5"><span class='ocrx_word' id='word_1_136' title='bbox 0 0 1414 5332; x_wconf 95' lang='lat' dir='ltr'><strong> </strong></span> 
     </span>
    </p>
   </div>
  </div>
 </body>
</html>
