2820 5332
152 717 200 789 26
405 736 426 779 t.
450 736 492 779 nas
521 732 638 779 rttvrt
665 732 792 776 rueras
820 732 1011 775 nortatus.

152 907 346 993 ¹identidem
381 907 593 974 annotatione
625 929 683 972 sua
713 903 900 972 Muellerus
936 903 1127 970 monuitnt
1150 902 1241 981 Vlll,

156 1023 213 1101 26.
248 1022 337 1090 Vide
361 1023 435 1100 Vll,
462 1022 519 1090 52
544 1019 603 1101 Vl,
626 1021 688 1089 ὁδε
733 1017 777 1084 ab
803 1017 922 1084 eodem
943 1019 1243 1105 salin-sedet

147 1139 381 1226 falsasset
397 1135 610 1222 fallacia.
639 1135 872 1202 -Ceterum
896 1131 981 1199 nibil
1006 1135 1077 1200 vitii
1097 1131 1242 1202 delier-

153 1255 246 1322 rouis
272 1253 381 1320 verbis
408 1250 580 1342 disputans
606 1248 830 1318 Srerdsioeua
855 1245 950 1343 pssfi
977 1251 1163 1342 auspicatus
1180 1266 1242 1318 est.

658 1448 689 1535 ς.
716 1445 751 1514 o.

255 1591 370 1680 Longe
409 1589 585 1656 obscurior
621 1586 727 1653 altera
758 1604 809 1654 est
843 1586 1058 1655 Varronis
1077 1584 1246 1652 memoris

158 1702 219 1768 lib.
243 1704 317 1781 vlt,
348 1699 416 1770 104
442 1704 488 1768 Μ.
511 1728 544 1793 p.
570 1703 638 1773 381
670 1702 749 1792 Sp„
787 1726 889 1794 quam
914 1703 972 1794 qui
996 1700 1089 1769 uolet
1113 1699 1246 1792 penitus

157 1816 324 1909 expedire
352 1835 453 1909 atque
480 1841 556 1882 cum
582 1814 769 1909 pulvisculo
796 1834 833 1883 ut
849 1818 945 1883 'aiunt
968 1817 1153 1892 exhaurire,
1180 1836 1247 1877 uec

159 1930 284 2025 vulgari
311 1934 464 2020 acumine
495 1931 603 1997 valeat
634 1946 768 2024 oportet
802 1955 866 1997 nec
887 1955 1074 2022 paucorum
1095 1951 1278 1995 versuum*

161 2044 387 2135 disputatione
414 2045 645 2140 perfungatur.
696 2045 766 2112 Nos
801 2044 939 2137 quidem
970 2064 1004 2114 et
1038 2045 1252 2136 oPiuabim'ur

160 2161 262 2252 magis
285 2186 385 2252 quam
410 2160 646 2227 affirmabimus
683 2161 799 2247 (modo
834 2186 877 2227 nc
910 2164 1055 2255 argutari
1082 2178 1116 2227 et
1140 2159 1251 2225 ltario-

160 2271 223 2342 lari
249 2273 448 2358 iudicemur)
478 2292 512 2340 et
535 2276 732 2343 arctioribus
747 2276 870 2343 finibus
894 2274 990 2368 quod
1014 2277 1079 2342 iant
1105 2272 1253 2341 conscri-

160 2388 311 2457 bendum
353 2388 502 2458 videmus
546 2409 655 2482 caput=
683 2369 961 2483 ἀπορήματικόν
994 2389 1249 2458 nominabimus.

166 2503 281 2595 Itaque
310 2502 403 2596 quod
427 2502 449 2573 l.
474 2529 504 2570 c.
530 2503 695 2573 edebatur
722 2523 799 2572 ante
825 2503 1031 2573 Muellerum
1053 2506 1105 2571 M.
1127 2499 1253 2570 Accius

163 2621 201 2684 t‘n
229 2619 358 2712 Curiata
380 2623 417 2683 t'n
429 2620 645 2709 fringuilla:
693 2620 786 2710 Quid
809 2620 1015 2710 jia'ngtttt's?
1052 2617 1135 2709 quid
1167 2623 1255 2683 t'stttc

165 2748 236 2798 tam
262 2733 380 2824 cupide
403 2735 517 2825 petis?
557 2734 603 2815 id,
630 2737 658 2800 si
681 2735 767 2801 ultra
792 2761 860 2800 non
883 2734 1151 2826 progrediamur,
1192 2759 1256 2799 nec

164 2873 229 2937 pet·
262 2872 297 2913 se
329 2851 511 2943 quicquam
543 2849 735 2916 offensionis
762 2851 873 2930 habet,
916 2874 980 2918 nec
1013 2851 1052 2916 iis
1087 2874 1174 2941 quae
1211 2850 1256 2917 de

162 2959 271 3035 Plauti
296 2980 414 3050 poetae
438 2964 628 3030 nominibus
667 2964 777 3033 adhuc
800 2964 1036 3057 disputavimus
1063 2963 1131 3031 ullo
1159 2985 1257 3058 pacto

163 3092 337 3169 repugnat
388 3075 522 3169 Ecquid
553 3080 641 3144 enim
662 3077 825 3158 andreoli,
852 3081 888 3146 ia
910 3104 1009 3145 unam
1030 3103 1147 3147 rocem
1168 3079 1258 3145 litte-

166 3191 212 3255 ris
240 3192 425 3258 coniunctis
451 3194 607 3258 Maccius
629 3196 824 3284 reponere?
850 3196 962 3286 Atque
987 3213 1043 3260 aut
1066 3195 1130 3261 hoc
1149 3197 1260 3284 ipsum

168 3325 224 3373 aut
249 3308 406 3403 Maritus,
442 3308 601 3390 Matius,
632 3311 785 3373 Muctt'us
811 3307 891 3374 libri
919 3327 1048 3387 teuent,
1085 3331 1155 3373 uon
1180 3307 1261 3372 bina

171 3424 314 3490 nomina.
363 3423 473 3506 Quid?
500 3423 594 3516 quod
619 3450 662 3491 ne
690 3424 771 3488 ferri
797 3424 937 3516 quidem
964 3422 1056 3515 apud
1072 3423 1263 3491 Varronem

171 3537 270 3602 istum
297 3537 483 3604 antestandi
494 3538 601 3605 Plauti
626 3537 763 3606 modum
789 3564 890 3631 posse
917 3564 1018 3630 supra
1035 3535 1186 3604 vidimus.
1208 3537 1263 3615 At,

136 3744 138 3748 Ι
173 3653 292 3744 inquit,
320 3654 612 3722 convenientiusne
638 3658 672 3722 itt
690 3656 852 3723 Varronis
879 3651 1154 3720 consuetudinem
1179 3651 1266 3718 illud

176 3785 235 3847 est,
265 3787 301 3834 ut
325 3764 482 3837 Maccius
506 3795 569 3860 pro
594 3766 722 3840 Plauto
744 3767 959 3863 appelletur?
989 3769 1066 3834 Non
1092 3785 1142 3832 est
1166 3791 1263 3832 reru:

177 3897 278 3974 atque
302 3883 345 3947 ob
371 3881 408 3952 id
433 3885 543 3975 ipsum
570 3885 735 3953 occultior
769 3881 935 3976 quaedam
965 3883 1049 3949 ratio
1086 3882 1268 3949 verborum

176 3997 463 4065 Varronianorum
482 3998 584 4068 lateat
609 4019 754 4093 oportet.
804 3999 953 4065 Latuisse
981 4017 1056 4065 ante
1084 4022 1177 4063 suam
1204 3998 1270 4062 sci-

178 4111 259 4180 licet
291 4111 561 4183 emendationem
592 4117 838 4183 recentissimus
872 4112 981 4181 editor
1005 4113 1160 4204 putabat:
1184 4135 1271 4201 quaa

180 4250 217 4299 ut
242 4229 350 4323 qualis
377 4231 512 4298 tandem
539 4233 582 4298 sit
604 4232 836 4325 perspiciatur,
861 4228 974 4323 paullo
1001 4226 1096 4295 altius
1118 4224 1186 4289 loci
1209 4225 1273 4288 hu-

179 4347 232 4413 ius
262 4347 408 4414 universi
437 4350 580 4415 rationes
614 4346 822 4439 repetendae
854 4363 941 4412 sunt.
992 4344 1130 4410 Dixerat
1161 4340 1279 4410 Varro

183 4461 289 4526 multa
328 4460 372 4526 ab
403 4465 601 4530 attinialr'ttm
634 4461 768 4528 vocibus
790 4462 921 4526 tralata
944 4484 1017 4525 esse
1045 4462 1081 4522 in
1108 4455 1272 4533 bourines,

179 4582 307 4671 partim
332 4599 419 4668 qttae
446 4597 557 4645 essent
581 4594 713 4671 aperta,
736 4580 864 4668 partim
879 4574 1033 4640 obscura.
1072 4572 1188 4663 Itaque
1217 4594 1275 4636 ett-

182 4719 277 4761 orsus
317 4722 335 4761 a
366 4699 552 4786 perspicuis
589 4695 767 4760 transierat
786 4691 828 4758 ad
855 4695 966 4756 tainus
989 4702 1112 4781 aperta
1137 4685 1276 4791 horum·-
