2820 5332
153 646 226 715 522
468 663 511 707 tx.
562 664 604 705 na
632 657 920 705 turnaroutntoua

153 836 336 906 suadebat:
374 833 435 902 sed
466 830 560 899 idem
584 831 738 900 modeste
761 854 824 898 nec
848 829 921 895 sine
946 826 1170 892 dubitationis
1198 827 1256 894 si-

157 953 369 1046 gnificatione
396 948 438 1015 de
466 948 530 1016 hoc
557 974 657 1016 versu
681 946 813 1025 iudico,
839 945 896 1037 qui
919 944 1135 1010 coniunctum
1165 969 1259 1012 con.

154 1067 372 1134 fidentissime
412 1039 571 1130 damnbvi.
629 1060 757 1147 Quodsi
784 1061 835 1128 cui
862 1056 1059 1151 languidius,
1083 1075 1121 1123 ut
1145 1061 1255 1127 nobis

155 1187 271 1263 visum,
298 1180 563 1248 additamentum
591 1184 699 1247 minus
726 1204 824 1273 quam
851 1179 948 1244 nobis
972 1195 1166 1269 suspectum
1192 1183 1249 1260 sit,

154 1301 208 1365 vix
232 1298 381 1377 habebit,
404 1295 498 1388 quod
524 1313 660 1387 praeter
683 1296 768 1362 hanc
791 1317 904 1361 versus
927 1293 1065 1360 formam
1089 1319 1169 1359 cum
1184 1293 1251 1362 ali-

155 1439 222 1506 qua
247 1410 484 1504 probabilitate
515 1409 734 1503 amplectatur
770 1411 834 1512 iam
870 1432 971 1500 supra
1006 1411 1245 1500 propositam:

159 1530 311 1619 Quorum
337 1550 409 1591 non
435 1549 573 1617 possum
597 1530 743 1616 ingenia
768 1542 870 1615 atque
903 1528 1037 1589 animos
1072 1547 1248 1593 noscere:

155 1669 221 1736 qua
247 1640 546 1735 quidomlratione
585 1666 654 1708 non
689 1642 813 1734 poterit
849 1663 917 1706 non
954 1639 1146 1706 concedere
1175 1643 1245 1710 hoc

156 1757 373 1825 dubitationis
398 1757 555 1849 relinqui,
579 1756 671 1849 quod
690 1774 800 1849 spreta
821 1756 1041 1847 antiquissimi
1066 1755 1147 1824 libri
1171 1758 1244 1826 fide

158 1873 379 1966 eiusdemque
413 1875 529 1966 optimi
562 1875 598 1939 in
630 1875 859 1940 recentiorum
891 1870 1168 1967 deteriorumque
1194 1892 1244 1942 te-

157 1991 313 2058 stimonio
338 1987 625 2081 acquiescendum
647 1991 698 2055 sit.

670 2185 731 2252 111.

258 2332 448 2398 Trinummi
473 2332 515 2410 ll,
542 2333 576 2413 2,
603 2327 763 2417 ‘tl-(304
789 2326 846 2424 Η.)
870 2358 945 2427 sqq.
980 2332 1247 2428 elegantissimos

160 2446 264 2513 babes
290 2441 454 2514 Philtonis
480 2446 703 2539 septenarios:

265 2558 334 2653 Qui
357 2563 456 2629 bouso
482 2587 556 2629 cum
580 2567 695 2629 animo
715 2563 796 2630 inde
816 2562 859 2630 ab
885 2570 1025 2631 incutite
1048 2565 1166 2631 uertite
1185 2565 1249 2632 de-

748 2679 885 2770 pugna't
909 2704 981 2760 suo,

184 2785 390 2864 251‘Vcrum
423 2796 520 2858 itane
543 2817 616 2858 esse
648 2792 808 2870 ma'velt‘t,
847 2812 883 2861 ut
909 2821 985 2861 eum
1019 2793 1155 2861 a'nimus
1184 2819 1246 2860 ae-

755 2934 855 3003 quom
880 2906 1031 2985 censeat,

257 3016 326 3090 'An
347 3027 398 3088 t'ta
419 3028 555 3116 potius,
589 3019 626 3092 u't
652 3043 817 3117 parentes
840 3022 913 3092 eum
939 3051 1011 3094 esse
1036 3044 1070 3092 et
1104 3025 1252 3118 cognati

751 3143 873 3208 velint:

265 3250 307 3321 Si
329 3251 464 3320 sinimus
491 3253 662 3323 hominem
679 3251 820 3348 pe'pult't,
847 3241 1005 3331 acturust,
1031 3255 1147 3322 (inimo
1174 3283 1247 3323 ser-

203 3436 209 3465 t
757 3377 816 3448 vit,
843 3368 915 3440 ttdn
939 3372 1024 3451 sibi,-

265 3477 332 3552 St'n
356 3488 427 3577 ipse
461 3492 611 3552 attimum
638 3483 790 3580 pe'pult't,
818 3493 921 3564 vivit,
950 3479 1247 3556 victor-'victorum

755 3604 853 3670 cluet.

196 3715 244 3784 30
266 3705 384 3783 Nimio
405 3720 551 3792 satiust,
586 3711 623 3784 u't
649 3737 769 3811 opust,
803 3724 853 3784 ita
876 3719 936 3785 ted
960 3715 1051 3800 esse,
1082 3742 1184 3813 quum
1209 3736 1248 3784 ut

760 3831 876 3901 artimo'
902 3834 1003 3906 lubet,

272 3948 343 4037 Qui
363 3944 515 4048 dnirnttm
541 3953 700 4032 vincunt,
732 3950 833 4044 qudm
858 3975 943 4044 quos
965 3958 1123 4027 artimus,
1160 3945 1250 4016 se'm-

756 4090 820 4158 per
841 4063 1020 4159 probiore's
1046 4068 1171 4133 cluent.
1270 4131 1280 4158 ι

264 4174 544 4246 Emendationum
578 4207 595 4246 a
629 4183 727 4248 nobis
756 4199 984 4275 susceptarum
1022 4185 1079 4249 bas
1103 4188 1252 4254 rationes

164 4289 301 4386 'accipe
334 4295 444 4361 Versu
471 4296 515 4365 ‘25
552 4313 665 4362 utrum
689 4302 784 4363 itane
808 4299 964 4390 praebuit
989 4301 1253 4386 Ambrosianus3

174 4410 279 4476 ceteri
303 4408 382 4476 libri
400 4427 512 4477 utrum
535 4411 573 4477 id
592 4418 697 4495 itane,
718 4412 810 4481 unde
837 4413 915 4482 olim
936 4414 1115 4481 effecerant
1140 4433 1255 4483 utrum

173 4527 344 4605 isitane,·
369 4526 577 4594 Hermannus
604 4527 715 4596 deleta
741 4553 785 4595 ne
810 4529 972 4621 particula
999 4546 1112 4596 utrum
1134 4536 1164 4596 is
1191 4537 1251 4598 ita

171 4639 220 4705 Ea
242 4639 404 4732 particula
430 4640 497 4709 dici
520 4644 639 4736 nequit
661 4645 789 4737 quoties
815 4645 849 4710 in
868 4645 1008 4738 reliquis
1030 4645 1125 4713 libris
1152 4646 1254 4715 oblit-
