2820 5332
398 715 419 755 r.
451 714 499 758 ns.
520 714 636 757 antrat
665 714 794 757 nosris
818 714 1006 758 uourntsvs.
1210 695 1254 762 13

158 890 268 957 videri
292 873 429 980 poterit]
454 890 481 953 si
508 891 676 954 communi
703 891 863 980 opinione
892 889 943 955 vol
964 886 1069 957 Plauti
1086 891 1256 985 velAqui-

158 1005 196 1070 lii
213 1002 457 1090 (sireAttilinm
472 1002 590 1087 malos)
616 1006 751 1070 Boeotia
769 1003 880 1069 subula
898 1006 1076 1084 serebatur,
1104 1007 1140 1072 id
1160 1008 1254 1099 quod

159 1137 380 1203 contestatum
408 1119 581 1192 babemus,
605 1145 671 1184 nou
682 1119 775 1198 ,lruie
790 1120 855 1210 ipsi
867 1138 988 1210 poetae
1000 1122 1137 1200 Attium,
1152 1148 1253 1215 quam

159 1261 176 1300 a
210 1232 332 1300 Plauto
372 1232 508 1325 quidem
542 1231 770 1311 abiudicabat,
809 1234 869 1300 sed
905 1237 1005 1300 tertio
1036 1235 1167 1302 cuidam
1194 1239 1255 1303 tri-

158 1350 294 1425 buisse,
327 1349 420 1415 cuius
451 1344 541 1439 apnd
573 1347 722 1413 Gellium
757 1372 822 1414 nee
854 1347 928 1415 vola
963 1371 1028 1416 nee
1056 1352 1253 1441 vestigium?

159 1465 210 1528 Au
238 1461 316 1553 plus
343 1461 450 1527 habet
473 1461 727 1552 probabilitatis,
754 1463 781 1527 si
804 1459 894 1553 apud
918 1463 1054 1541 Attium,
1071 1464 1153 1529 Titii
1180 1490 1253 1550 esse

158 1579 357 1657 Boeotiam,
383 1576 512 1654 Varro,
536 1601 637 1668 quem
665 1579 834 1667 excerpsit
859 1576 1005 1657 Gellius,
1044 1578 1181 1672 legerat,
1208 1600 1256 1647 ta.
1354 1643 1359 1652 ,

158 1717 237 1759 men
273 1708 307 1757 et
342 1691 433 1758 hunc
460 1709 493 1756 et
516 1690 655 1757 fortasse
681 1689 868 1757 Varronem
896 1693 1069 1784 Aquilium
1100 1694 1255 1763 maluisse

161 1833 264 1902 qoam
307 1805 455 1874 eundem
490 1806 617 1870 Titium
652 1829 915 1872 commemorare
946 1824 1103 1900 tanquam
1130 1809 1256 1876 tralati-

162 1925 250 1991 cium
275 1919 365 1987 illius
391 1918 523 1985 fabulae
549 1919 773 2012 scriptorem?
801 1944 865 1986 nee
880 1919 997 1986 saltem
1011 1923 1157 1989 iunxisse
1173 1922 1256 1990 Gel-

159 2036 240 2103 lium
264 2037 438 2126 utriusque
466 2035 672 2100 mentionem
698 2033 787 2100 velut
812 2035 845 2098 in
871 2035 963 2101 buno
987 2035 1143 2103 modum:
1172 2060 1254 2103 nam

162 2177 236 2218 cum
259 2156 296 2216 iu
323 2150 390 2216 dtis
415 2173 486 2215 uua
508 2166 542 2214 et
569 2153 694 2240 viginti
716 2173 788 2215 non
812 2154 858 2216 sit
892 2136 927 2216 ἐι
951 2176 1024 2217 esse
1048 2153 1101 2217 vel
1122 2149 1255 2244 Aquilia·

161 2266 214 2333 vel
232 2268 319 2333 Titii
343 2263 480 2331 dicatur
503 2264 579 2327 -Ρ
1225 2333 1228 2337 ,

260 2381 339 2447 Non
372 2396 485 2471 potest
516 2381 615 2476 igitur
647 2382 694 2446 M.
727 2364 807 2447 Titii
839 2404 964 2447 nomen
995 2382 1086 2446 ferri.
1138 2382 1254 2449 Altera

161 2513 272 2562 autem
297 2520 338 2561 ex
364 2512 460 2588 perte
489 2520 562 2560 cum
590 2495 716 2587 Aquilii
743 2495 880 2587 quidem
913 2515 946 2561 et
974 2496 1080 2563 Attilii
1117 2502 1253 2566 nomina

159 2636 228 2678 nou
252 2611 384 2703 possint
407 2608 483 2674 ullis
510 2611 670 2675 machinis
705 2636 780 2676 cum
795 2674 797 2678 Α
815 2611 961 2676 metricis
988 2630 1023 2678 et
1046 2613 1254 2704 prosodiaois

161 2725 346 2792 rationibus
370 2722 544 2790 conciliari
570 2724 604 2789 in
631 2727 721 2791 exitu
746 2727 924 2816 septenarii
941 2729 1060 2815 posita,
1079 2726 1163 2816 quid
1182 2745 1254 2791 tan-

162 2838 348 2907 demanii
375 2839 529 2905 versibus
552 2839 627 2904 fiat?
678 2842 730 2905 De
755 2840 807 2905 bis
828 2838 909 2903 dum
936 2838 1079 2906 meditor
1104 2856 1138 2905 et
1163 2839 1256 2904 simi·

162 2955 213 3021 les
251 2940 424 3021 nominum
454 2955 577 3019 {ornias
609 2955 763 3044 anquiro,
798 2954 908 3020 subito
931 2953 965 3017 in
988 2969 1139 3018 mentem
1164 2955 1256 3019 venit

163 3071 253 3136 Titi
291 3070 430 3135 Maeci
468 3071 503 3134 in
542 3067 694 3134 Plautino
721 3067 840 3135 codice
867 3071 1005 3160 reperti.
1057 3067 1256 3135 Accedebat

163 3185 257 3279 qnod
283 3185 418 3251 minime
443 3201 730 3274 exspectaveram:
765 3181 877 3247 denuo
904 3184 993 3247 enim
1018 3184 1177 3273 inspectis
1202 3184 1256 3248 in-

164 3316 351 3391 terpretum
378 3297 625 3364 commentariis
648 3294 729 3376 vidi,
751 3293 844 3387 quod
860 3293 997 3387 quidem
1010 3313 1105 3360 antea
1127 3312 1163 3359 ut
1179 3295 1256 3363 leve

164 3433 196 3480 et
220 3412 346 3479 nullius
368 3413 527 3477 momenti
552 3409 777 3503 neglexeram,
803 3411 922 3475 abesse
948 3410 990 3474 ab
1016 3409 1150 3502 optimis
1176 3408 1257 3476 Gel-

163 3526 199 3592 lii
225 3527 321 3592 libris
346 3527 451 3618 Regio
480 3543 514 3590 et
538 3522 829 3602 Rottendorfiano,
865 3523 987 3616 quibus
1018 3521 1108 3592 addo
1131 3526 1258 3618 perbo-

163 3665 243 3707 num
268 3642 465 3708 Vaticanum
506 3638 585 3724 (nisi
623 3636 716 3731 qnod
753 3639 779 3703 is
806 3634 856 3707 M·
880 3634 977 3704 Aeni
1009 3638 1114 3705 habet
1135 3641 1256 3708 omisso

164 3755 248 3840 Tin)
274 3755 352 3843 sed
373 3755 569 3848 particulam
595 3773 715 3848 poetae
741 3755 868 3820 nomini
894 3755 1120 3844 praemissam.
1167 3753 1258 3835 Quid

164 3887 261 3964 putas
294 3874 396 3964 magis
437 3887 700 3938 consentaneum
727 3871 829 3934 visum
856 3893 945 3950 esse,
985 3896 1084 3962 quam
1120 3871 1257 3935 omnino

164 4009 230 4050 non
259 3981 386 4050 dietum
414 4009 487 4051 esse
514 3983 580 4051 illis
607 3981 746 4076 quidem
770 3982 932 4061 versibus,
953 3984 1006 4050 eui
1025 4002 1151 4076 poetae,
1170 3985 1259 4048 Boe·

167 4101 268 4165 otiam
303 4122 379 4165 oum
408 4099 546 4192 reliquis
573 4096 693 4163 sabulis
719 4098 827 4164 Attius
853 4097 1032 4178 tribuisset,
1054 4095 1115 4162 sed
1133 4112 1259 4162 tantum

166 4211 273 4281 Plauti
300 4237 374 4280 eam
400 4238 472 4280 esse
497 4213 631 4305 negari?
660 4230 702 4293 ot,
730 4237 832 4305 quem
853 4213 895 4277 ab
911 4212 1004 4278 initio
1030 4211 1192 4279 Plautum
1206 4210 1258 4278 di-

165 4330 285 4412 xisset,
319 4327 447 4396 deinde
485 4348 596 4397 autem
629 4331 701 4394 er'us
738 4318 938 4419 pronomine
965 4324 995 4409 *)
1030 4326 1259 4419 significasset,

165 4514 228 4525 ι.-

201 4609 230 4674 ·)
262 4610 317 4660 eius
337 4607 475 4660 normanni
496 4609 643 4660 coniectura
667 4609 790 4659 intertum
811 4619 862 4656 uon
883 4603 944 4655 lero
963 4604 1260 4658 habataVindobouan·

252 4695 299 4761 ris,
315 4693 493 4760 Bubetinimi
506 4694 699 4762 commatisque
716 4696 839 4746 momoria
857 4692 1051 4757 munimentum,
1069 4695 1096 4744 in
1114 4691 1206 4760 quibos
1221 4698 1260 4744 ert
