2820 5332
422 653 562 697 sunaus
590 619 850 712 renuentum
1094 625 1166 697 589

17 887 22 898 ,
88 822 227 918 quidem
253 825 326 916 ipsa
352 823 530 889 ¹verborum
570 804 705 889 citerna
736 821 932 890 continuitas
964 839 1031 889 tam
1061 823 1168 890 mani·
1225 813 1228 821 ’

86 942 172 1010 sesto
196 938 315 1019 docet,
353 931 534 1005 ut'mirerc
567 940 789 1016 Grauertum·‚
823 938 882 1030 qui
900 920 1025 1005 'multis
1056 940 1168 1007 verbis

86 1082 121 1148 p.
146 1058 217 1126 202
243 1078 319 1122 sese
344 1071 501 1132 excuset,
536 1051 629 1146 quod
664 1055 699 1120 iu
732 1052 965 1120 continuandis
992 1039 1168 1148 trociraicjs
1220 1104 1223 1111 -

87 1171 206 1237 frustra
251 1163 492 1251 elaboraverit,
540 1170 678 1262 eiusque
717 1171 780 1235 rei.
804 1148 1018 1235 offensionem
1042 1169 1169 1237 'levare

91 1284 200 1352 ascitis
228 1308 247 1349 e
271 1282 388 1349 Plauto
412 1281 576 1376 exemplis
602 1281 745 1351 studeat.
781 1280 870 1365 Quid
896 1285 984 1348 enim
1010 1284 1171 1377 exemplis

89 1424 184 1492 opus,
205 1399 265 1465 ubi
285 1422 339 1464 res
366 1399 437 1491 ipsa
465 1397 602 1464 clamat?
637 1401 834 1490 Quanquam
860 1399 978 1464 Bothio
1004 1423 1083 1466 sane
1104 1399 1172 1467 cla-

88 1540 181 1582 mare
199 1491 284 1580 adeo
298 1537 366 1580 non
385 1530 434 1580 est
453 1515 532 1593 visa,
556 1531 591 1580 ut
604 1539 622 1578 a
636 1512 760 1581 decem
774 1514 954 1600 trochaicis
974 1517 1170 1608 septenariis

88 1655 153 1698 uno
178 1629 330 1698 iambieo'
345 1631 516 1696 octonario
542 1629 738 1722 interruptis
768 1654 830 1721 per
858 1627 982 1695 alteros
1008 1631 1168 1698 iambicos
1221 1673 1229 1683 ·

88 1747 276 1813 octonarios
295 1762 452 1838 quattuor
473 1743 516 1811 ed
535 1763 691 1842 quattuor
713 1746 860 1810 senarios
876 1747 1076 1836 perrexerit
1099 1744 1170 1812 Sed

90 1863 156 1928 hoc
181 1885 250 1933 nou
273 1861 394 1926 mirum
417 1860 452 1926 iu
478 1884 529 1939 eo,
555 1852 613 1953 qui
639 1858 830 1926 consimiles
856 1860 969 1928 turbas
995 1861 1168 1953 patieutis-

31 1977 36 1984 ’
92 1979 176 2047 simo
211 2002 278 2068 per
317 2000 376 2041 sex
402 1993 436 2041 et
460 1977 572 2069 viginti
608 1975 810 2043 comicorum
844 1973 970 2043 fabulas
1003 1977 1172 2044 stomacho

92 2093 294 2160 concoxerit.
345 2088 433 2156 Vide
454 2109 582 2171 autem,
608 2116 687 2156 num
712 2117 731 2155 a
761 2115 860 2157 manu
882 2110 1000 2182 poetae
1028 2092 1169 2185 propius

92 2207 174 2274 iraec
203 2208 319 2273 absint.
991 2290 995 2297 Ι
1135 2196 1140 2206 ’

522 2339 747 2388 rArrr’Jans.
923 2301 936 2327 ‘

192 2437 240 2502 Te
266 2432 518 2528 exspectabam:
550 2451 601 2498 est
623 2427 664 2498 de'
691 2434 752 2498 ’aaa
777 2456 837 2506 re,
859 2426 950 2524 quaid
973 2454 1080 2521 agera
1105 2453 1171 2521 aga

683 2540 792 2613 teea'm
819 2547 926 2614 volm·

191 2660 284 2733 De'di
306 2688 457 2756 operam,
484 2689 528 2730 ne
545 2689 598 2730 me
616 2661 689 2728 cisse
707 2661 849 2729 oblitum
868 2655 966 2727 dieas
989 2676 1068 2726 tuae
1083 2684 1174 2750 gna-

686 2795 744 2843 tae
767 2775 920 2843 alterae:

196 2889 277 2962 Tibi
299 2920 351 2960 me
383 2897 505 2984 opinor
540 2888 710 2965 invenisse
737 2885 882 2982 dignum
915 2908 949 2974 te
981 2907 1083 2982 atqua
1114 2889 1176 2957 itta'

1026 2997 1033 3018 a

638 3069 640 3073 .
687 3011 801 3074 virum.

538 3143 683 3193 CIMBIN
686 3146 713 3192 V
713 3149 743 3191 S.

198 3236 310 3322 Pe'rii,
335 3243 451 3308 Dave:
476 3234 518 3304 da'
543 3262 617 3304 meo
643 3261 760 3304 amore
785 3262 827 3304 aa
850 3233 921 3306 vita
944 3231 1068 3326 [nunc]
1101 3258 1176 3304 sors
1209 3240 1212 3246 ’

554 3344 557 3350 ’
643 3391 646 3396 -
687 3348 827 3419 tollitur.
901 3382 905 3400 ·

550 3489 733 3537 caesnas.

147 3591 168 3656 5
193 3583 273 3657 No'n
298 3611 388 3653 raova
413 3589 530 3651 istaec»
544 3579 627 3649 milri
651 3581 806 3651 condicio
833 3601 904 3660 est,
928 3579 960 3649 si
985 3585 1174 3658 rotensem,

481 3701 484 3708 ’
688 3698 876 3791 Pamphile.
914 3700 918 3707 '

533 3835 736 3882 asAamVs.

193 3925 333 4014 'Occidi
357 3934 464 3998 Dave.

568 4062 702 4111 DAVOS.

295 4152 359 4227 'Ah
384 4184 495 4226 ratane.

533 4292 736 4340 casarum.

464 4391 569 4478 Perii.

549 4523 730 4574 causum.

492 4621 540 4691 Id
564 4612 780 4713 qaaneobrem
806 4639 876 4684 non
904 4615 1005 4694 volui,
1029 4611 1177 4712 eloquar.
