2820 5332
1044 366 1047 373 ι

252 686 325 762 bii
564 708 607 755 tr.
659 704 701 754 aa
728 703 1015 787 transmearunt

254 907 369 952 omnes
389 879 481 950 absit
508 882 670 967 Quoniam
690 898 800 948 autem
820 882 920 961 hunc,
935 881 994 974 qui
1019 897 1069 948 est
1089 877 1133 946 de
1146 879 1348 975 interpole-

256 1005 357 1082 tione,
382 990 493 1067 locum
519 1000 709 1064 universum
735 1014 944 1091 pertractare
972 1015 1005 1064 et
1029 1013 1186 1089 tanquam
1210 995 1346 1066 exhau-

254 1119 323 1185 rire
349 1139 458 1209 prope
484 1112 677 1180 tantundem
703 1113 848 1179 intusum
874 1115 917 1180 sit
940 1130 1038 1206 atque
1061 1130 1164 1180 totum
1175 1112 1339 1182 Plautum

255 1229 451 1311 emendare,
487 1232 632 1323 primum
673 1227 812 1323 quidem
850 1227 886 1295 id
920 1246 1023 1322 genus
1063 1227 1338 1320 interpolationis

250 1371 389 1440 prorsus
414 1367 503 1411 nunc
528 1345 841 1437 praetermittimus,
874 1341 967 1436 quod
989 1341 1190 1436 ampliorum
1216 1368 1339 1411 acces·

250 1465 343 1529 sione
370 1456 671 1526 additamentorum
698 1459 902 1526 continetur:
928 1457 1228 1560 qualeshabemus
1245 1462 1338 1527 Poe·

248 1577 320 1642 nuli
342 1598 476 1641 scenam
502 1592 702 1652 extremam,
734 1596 876 1666 quaeum
899 1592 935 1640 ut
959 1570 1162 1638 simillimum
1189 1598 1336 1667 compo-

248 1690 373 1756 suimus
399 1686 546 1754 Andrlae
565 1689 786 1754 Terentianae
806 1689 928 1753 exitum
955 1688 988 1752 in
1014 1691 1127 1781 paucis
1155 1686 1334 1756 codicibus

248 1821 421 1879 servatum.
471 1806 548 1871 Nou
572 1807 674 1896 magis
693 1820 809 1875 autem
834 1805 870 1869 iu
895 1802 1032 1896 singulis
1054 1803 1190 1873 vocibus
1207 1804 1333 1872 baere-

246 1921 357 1987 bimus
389 1915 614 2010 brevibusque
644 1944 799 1985 versuum
830 1917 1004 2011 particulis
1044 1914 1234 2012 saepissime
1273 1945 1334 1987 ex·

250 2037 411 2101 trinsecus
437 2035 591 2101 intrusis:
627 2033 780 2127 qualibus
806 2032 970 2101 visullae
999 2051 1050 2101 est
1070 2053 1220 2101 veterum
1243 2036 1332 2102 scri·

247 2171 381 2244 ptorum
406 2149 496 2216 liber
529 2151 610 2242 quin
638 2149 723 2216 mala
755 2151 1040 2242 grammaticorum
1075 2148 1331 2216 librariorumve

248 2265 305 2332 vel
327 2264 501 2332 sedulitate
536 2263 588 2330 rel
613 2266 822 2357 incogitantia
850 2265 1022 2332 manifesto
1049 2263 1245 2357 depravatus
1274 2266 1328 2331 sit.

248 2383 445 2474 Quanquam
470 2381 534 2447 hoc
559 2380 668 2473 ipsum
690 2396 791 2474 gentis
819 2371 952 2446 minime
977 2405 1037 2448 nos
1062 2381 1144 2475 fugit
1167 2397 1329 2473 quantam

247 2500 312 2563 rim
345 2497 486 2576 babeat,
522 2521 589 2589 quo
626 2498 690 2576 eis,
732 2497 788 2589 qni
820 2497 855 2562 in
890 2494 1044 2563 codicum
1081 2495 1148 2563 fide
1184 2494 1330 2564 salutem

247 2634 380 2679 ornnem
419 2628 566 2677 aeterum
600 2613 802 2703 scriptorum
838 2613 1017 2704 repositam
1055 2626 1189 2704 putant,
1227 2614 1330 2679 etiam

247 2729 433 2820 graviorum
470 2725 737 2819 ampliorumque
776 2726 1074 2818 interpolationum
1110 2721 1330 2820 probabilitas

244 2842 493 2937 persuadeatur.
552 2838 643 2927 Quid
674 2842 782 2909 enim?
816 2845 868 2908 isti
904 2843 1041 2936 quidem
1073 2845 1100 2910 si
1132 2845 1330 2911 breviorum

245 2958 480 3052 glossematum
514 2958 677 3050 insignem
711 2980 782 3024 esse
808 2956 1052 3025 multitudinem
1080 2981 1146 3026 non
1173 2960 1327 3052 prolecto

209 3146 211 3149 ,
247 3073 310 3140 alia
335 3070 396 3139 nisi
423 3072 575 3141 codicum
603 3093 737 3140 suorum
773 3071 841 3138 fide
876 3077 1118 3167 compererint,
1150 3095 1217 3168 quo
1253 3091 1328 3142 tan-

247 3189 322 3254 dem
339 3207 531 3282 argumento
558 3189 724 3280 negabunt
750 3187 911 3255 eiusmodi
937 3189 1131 3281 glossemata
1150 3191 1328 3284 complura

244 3305 280 3370 in
324 3328 388 3370 uno
424 3303 536 3397 aliquo
575 3302 651 3370 loco
688 3301 876 3371 coalescere
911 3307 945 3370 in
983 3300 1152 3398 aliquanto
1184 3306 1328 3398 amplius

246 3419 508 3486 additamentum
534 3418 707 3511 potuisse?
757 3420 799 3486 Et
823 3438 934 3486 tamen
958 3423 1017 3513 qui
1041 3422 1117 3488 satis
1143 3445 1217 3486 esse
1238 3411 1327 3488 libe·
1360 3456 1365 3473 ·

246 3536 334 3603 rales'
354 3537 388 3600 in
410 3534 469 3602 illo
496 3555 620 3627 genere
645 3534 772 3617 solent,
807 3536 944 3604 eosdem
968 3540 1005 3603 in
1029 3536 1133 3604 altero
1158 3560 1329 3631 saepenu-

247 3675 342 3719 mero
381 3653 530 3743 reperias
566 3651 607 3718 ad
647 3652 902 3720 concedendum
940 3677 1040 3747 supra
1076 3680 1173 3747 quam
1211 3655 1330 3721 credas

244 3768 389 3860 ignavos.
454 3767 583 3834 Horum
608 3763 707 3862 igitur
732 3760 940 3861 potissimum
967 3793 1079 3838 caussa
1107 3770 1149 3836 ad
1175 3793 1229 3835 eas
1253 3788 1328 3835 tan-

155 3911 161 3918 ·
244 3899 313 3950 turn
340 3883 615 3977 interpolationes
649 3885 735 3952 banc
768 3882 943 3978 partiriere
979 3884 1235 3977 disputationem
1268 3909 1328 3951 vo·

244 3997 382 4080 luimus,
408 4024 493 4092 quae
519 4003 554 4066 in
575 4001 771 4093 integris
799 4003 1003 4068 versibus
1028 3999 1144 4066 Plauto
1171 4000 1330 4092 supposi-

142 4118 143 4121 ’
246 4114 286 4179 tis
313 4131 503 4181 cernuntur.
566 4115 694 4199 Quodsi
721 4140 766 4185 ne
798 4119 832 4183 in
864 4118 929 4184 hoc
956 4114 1092 4209 quidem
1127 4138 1251 4208 genere
1287 4139 1327 4183 eo

246 4217 450 4300 munimento
483 4230 633 4298 destituti
666 4232 878 4311 videbimur,
917 4230 1012 4327 quod
1037 4231 1145 4298 solum
1172 4255 1245 4297 esse
1272 4232 1331 4297 fir-

245 4363 338 4412 mum
358 4345 565 4440 multumque
590 4372 751 4440 superare
775 4349 911 4417 rationis
926 4351 1158 4416 necessitatem
1173 4365 1206 4413 et
1227 4345 1330 4413 liberi

245 4462 310 4525 rirn
335 4460 451 4527 iudicii
478 4462 562 4529 male
589 4462 719 4529 creduli
744 4462 794 4529 illi
820 4462 987 4530 dictitant:
1014 4463 1051 4530 id
1083 4487 1159 4530 cum
1191 4481 1328 4530 cetero-

245 4599 319 4642 rum
347 4576 501 4644 codicum
528 4579 712 4646 tractationi
738 4577 851 4672 paullo
875 4577 1079 4671 diligentiori
1098 4597 1167 4644 turn
1181 4580 1331 4648 Ambro-

245 4693 327 4758 siaui
353 4691 432 4761 libri
457 4695 624 4764 beneficio
651 4692 807 4763 debetur.
850 4695 953 4764 Cuius
979 4720 1054 4764 eum
1080 4719 1142 4790 par
1167 4693 1209 4764 sit
1231 4711 1332 4790 prae·
