2820 5332
242 690 315 761 558
555 714 596 754 ix.
648 712 689 754 ua
717 710 1005 756 suasurum-roua

245 905 323 967 aar,
348 897 460 947 servat
475 879 599 973 fidem‘
649 882 742 962 Quae
771 879 874 944 verba
899 903 967 943 nun
991 902 1031 947 eo
1055 878 1186 961 valant,
1225 904 1263 950 ut
1292 910 1340 949 ex

243 998 396 1062 amnibus
434 996 621 1061 Charmidis
661 993 873 1060 familiaribus
913 993 1001 1060 solus
1043 995 1129 1060 fidus
1165 1001 1338 1086 restitisse

245 1111 403 1180 Callicles
428 1113 548 1177 iterum
574 1111 723 1178 dicutur:
750 1121 835 1202 quaa
862 1111 932 1201 ipsu
960 1109 1084 1176 inutilis
1111 1114 1153 1177 sit
1176 1115 1333 1180 eiusdem

241 1228 427 1295 sententiae
459 1228 630 1319 repetitis,
662 1225 723 1292 sed
756 1225 799 1290 ad
821 1226 973 1291 homiues
999 1224 1049 1290 vel
1079 1229 1165 1324 ciues
1189 1232 1334 1296 univer-

242 1368 295 1410 sos
320 1360 458 1435 spectat,
483 1344 569 1408 inter
596 1366 689 1434 quos,
716 1361 752 1407 ut
775 1330 1006 1433 pro'moribus
1028 1341 1159 1420 saeculi,
1187 1363 1334 1435 praeter

242 1485 342 1524 riuum
371 1457 518 1524 Calliclis
555 1454 742 1548 exemplum
767 1455 867 1521 fidem
895 1481 911 1520 a
937 1456 1071 1520 nemius
1098 1460 1219 1522 servari
1249 1460 1331 1526 Sta·

240 1577 342 1642 simus
367 1576 535 1664 suspicari
559 1597 594 1638 se
623 1575 681 1638 ait:
707 1596 780 1636 uam
803 1571 844 1636 de
870 1567 1085 1637 familiaribus
1111 1598 1154 1638 ne
1172 1576 1330 1665 suspira-

243 1707 296 1755 tur
323 1686 481 1781 quidem,
514 1685 573 1753 sad
600 1689 681 1765 scit,
703 1685 807 1778 idque
821 1683 921 1776 fidus
943 1689 1071 1751 restitit
1098 1688 1210 1752 verbis
1238 1687 1330 1754 defi·

241 1807 308 1873 nite
335 1803 472 1870 dixerat.
511 1803 550 1868 lu
577 1826 686 1868 mores
709 1819 816 1867 autem
844 1799 969 1866 saeculi
994 1799 1181 1893 malamque
1202 1805 1326 1870 civium
1384 1792 1391 1804 ⁶

241 1918 342 1986 fidem
368 1938 417 1985 sat
441 1920 564 1985 acriter
591 1917 680 1983 idem
705 1915 762 1981 ille
788 1915 945 1982 Stasimus
961 1917 1032 2007 ipsa
1047 1917 1198 2008 proxima
1219 1944 1325 1985 scena

240 2037 390 2102 iiavectus
415 2050 486 2100 erat
509 2061 537 2099 v.
563 2035 609 2101 ‘25
623 2058 714 2125 sqq„
737 2031 826 2098 velut
848 2032 898 2097 bis
925 2030 1104 2122 exemplis:

339 2151 431 2218 Nam
455 2173 547 2214 autre
571 2172 681 2213 mores
708 2146 808 2213 nihili
821 2149 989 2233 faciunt,
1013 2146 1105 2239 qaod
1129 2148 1228 2221 licet,
1255 2152 1329 2215 nisi

835 2260 928 2353 quod
953 2261 1053 2332 labet.
1080 2297 1127 2311 -

337 2380 456 2473 Neque
481 2381 556 2445 istis
581 2381 758 2470 quicquam
783 2377 860 2466 lege
880 2392 1090 2442 sanctumst:
1116 2377 1208 2467 leges
1232 2385 1329 2445 niori

825 2496 998 2558 serviunt:

340 2613 459 2677 Mores
483 2625 597 2674 autem
623 2632 746 2699 rapere
777 2626 969 2699 properant
1003 2634 1070 2700 qua
1094 2636 1227 2677 sacrum
1254 2637 1326 2702 qua

827 2723 1003 2813 publicam.
1029 2760 1079 2774 -

621 2839 711 2906 Nam
737 2837 776 2903 id
796 2863 905 2928 genus
930 2840 1103 2907 bantinum
1127 2841 1323 2907 hominibus

341 2957 379 3023 V
375 2958 518 3021 niarasis
547 2972 598 3020 est
632 2954 813 3019 advorsum
839 2972 941 3046 atque
967 2963 1062 3022 atiani
1080 2959 1205 3050 populo
1234 2959 1324 3022 male

815 3073 932 3156 facit:

340 3185 457 3252 Male
472 3182 618 3271 fidam
638 3183 863 3250 servando
889 3186 954 3250 illis
979 3212 1110 3278 qaoque
1145 3186 1325 3280 abrogant

829 3304 932 3364 etiam
944 3301 1070 3392 fldem,

344 3415 412 3503 Qui
436 3411 487 3476 nil
509 3414 631 3477 meriti.

242 3545 369 3628 Quibus
396 3542 483 3607 adde
510 3539 658 3607 eiusdem
687 3541 817 3608 Stasimi
844 3544 943 3608 verbu
972 3544 1029 3622 ΙΙΙ,
1059 3551 1089 3625 l,
1116 3549 1250 3640 ‘20qu

338 3661 488 3728 Nimiam
513 3657 684 3744 difficilest
710 3663 860 3750 reperire
898 3664 1076 3725 cimicum
1109 3665 1159 3725 ita
1190 3680 1228 3728 at
1256 3687 1322 3728 no-

831 3799 907 3838 man
934 3776 1033 3854 clatet;

343 3893 434 3981 Quoi
458 3907 552 3956 tuam
576 3914 648 3954 ram
672 3912 772 3981 quma
799 3889 998 3966 tradideris,
1023 3896 1098 3957 siaa
1122 3917 1204 3957 cura
1229 3899 1329 3961 amni

832 4005 991 4072 dormias.

314 4127 405 4207 Quae
419 4139 634 4198 1·astant,uon
653 4146 769 4212 magno
786 4126 921 4213 negotio
938 4122 1170 4215 expediantur.
1197 4129 1328 4192 Trans-

240 4242 349 4330 posito
379 4240 466 4304 anim
492 4235 550 4302 illo
577 4262 674 4303 versu
698 4263 783 4330 quae
805 4239 839 4301 in
855 4237 1008 4304 Palatinis
1023 4259 1203 4331 supersunt
1231 4242 1327 4326 (cum

240 4355 366 4419 Vetere
394 4354 480 4417 enim
506 4354 658 4417 convenit
683 4354 876 4431 Decurtaw,
903 4354 964 4418 nisi
993 4353 1085 4444 quod
1111 4354 1260 4434 lacunae,
1289 4377 1328 4425 ut

238 4469 273 4533 in
297 4468 450 4534 coritiana
476 4468 649 4557 scriptura,
677 4464 803 4530 nullum
831 4464 1024 4550 iudicium):
1051 4491 1245 4558 quanquam
1272 4469 1328 4534 la-

241 4582 340 4649 bores
365 4578 487 4647 maltos
513 4581 554 4646 ab
581 4606 652 4647 rem
678 4579 794 4646 labore
817 4607 924 4647 meam
947 4607 1011 4674 ego
1035 4588 1160 4675 cepisse
1188 4609 1327 4667 censeo,

246 4699 288 4768 ad
310 4724 427 4767 eorum
458 4697 708 4766 similitudinem
742 4699 883 4791 propius
911 4724 1010 4792 quam
1036 4702 1247 4769 Hermanuus
1271 4731 1331 4771 ac-
