2820 5332
222 692 293 762 35¹2
455 717 484 756 r.
511 714 553 754 na
577 709 681 755 innan
706 715 873 759 naturum
901 710 1066 756 rannone.

222 908 295 981 ptas
321 886 437 967 videri,
464 888 567 979 ipsius
590 885 768 952 iuventutis
795 911 916 978 paucas
942 906 1071 965 extare,
1107 887 1207 983 louge
1233 890 1312 983 pln-

185 1029 190 1040 ·
221 1006 319 1071 rimas
347 1002 424 1070 olim
450 1003 604 1071 extitisse.
625 999 672 1090 **)

321 1120 392 1185 Huc
418 1137 527 1184 autem
554 1141 691 1208 prorsus
718 1118 901 1184 convenire
925 1119 1089 1211 quispiam
1124 1123 1311 1189 nniversam

220 1232 371 1301 indolem
394 1233 581 1298 Trinummi
608 1231 716 1312 dicat,
754 1258 839 1327 quae
870 1232 981 1299 sabula
1019 1234 1130 1301 multis
1159 1238 1227 1304 visa
1262 1258 1313 1306 est

219 1366 379 1417 maturam
410 1347 563 1440 placidae
589 1372 631 1414 se
643 1350 843 1417 nectutis
870 1351 1088 1441 sapientiam,
1123 1351 1311 1433 lenitatem,

220 1465 472 1558 temperantiam
496 1481 598 1555 atque
620 1463 888 1557 aequabilitatem
921 1463 1011 1530 baud
1045 1467 1199 1561 ambigue
1226 1493 1310 1560 prae

219 1605 255 1648 se
279 1581 381 1650 serre.
431 1581 475 1646 Aa
500 1604 597 1657 veru,
631 1597 667 1648 ut
692 1576 800 1645 dicam
826 1578 919 1673 quod
947 1605 1002 1648 res
1029 1600 1093 1662 est,
1120 1584 1185 1650 hoc
1210 1607 1309 1651 omne

218 1722 321 1790 genus
348 1692 611 1787 argumentandi,
638 1717 705 1786 quo
732 1711 867 1785 practer
892 1692 974 1772 alios
1000 1698 1202 1764 Petet-senus
1229 1722 1306 1764 cum

218 1811 372 1880 Nandeto
400 1827 432 1877 et
457 1809 596 1876 mirifice
623 1807 831 1874 delectantur
856 1826 890 1875 et
908 1833 976 1876 non
994 1811 1067 1876 sine
1083 1836 1209 1876 summa
1227 1836 1309 1888 con-

217 1925 354 1993 fidentia
379 1927 545 2002 nituntur,
576 1927 610 1990 in
648 1922 747 1990 simili
773 1947 885 1990 caussa
910 1950 928 1990 a
954 1926 1050 1993 nobis
1078 1930 1305 2018 supranotati

217 2066 252 2132 p-
268 2045 348 2112 200·
363 2041 446 2120 268,
470 2064 544 2107 cnm
569 2056 685 2131 suapte
710 2055 825 2104 natura
852 2056 961 2106 certos
983 2039 1065 2106 fines
1091 2041 1215 2108 babeat
1232 2040 1308 2106 nnl-

218 2154 279 2235 los,
312 2175 381 2224 tum
405 2155 651 2223 fallacissimum
675 2171 817 2247 apparet
840 2178 953 2221 earum
978 2153 1165 2222 fabularum
1193 2181 1307 2223 exem·

218 2271 293 2364 plo,
329 2297 416 2364 qnae
442 2297 460 2336 a
488 2256 687 2335 Trinummo
713 2269 989 2361 paucissimorum
1016 2295 1179 2339 annornm
1202 2274 1335 2337 inter-·

215 2385 303 2455 vallo
335 2385 466 2452 distant
517 2381 607 2466 Quid
642 2385 732 2451 enim
764 2381 930 2450 Pseudolo
964 2383 1188 2477 petulantius?
1221 2382 1305 2477 quid

216 2502 390 2596 procacius
416 2497 660 2566 Bacchidibus?
688 2524 774 2590 quae
801 2496 932 2579 fabulae
960 2493 995 2565 a.'
1014 2501 1086 2572 562
1117 2518 1150 2566 et
1170 2499 1305 2568 circiter
1371 2490 1373 2495 ⁵

215 2616 287 2687 565
315 2635 404 2684 actae
427 2633 520 2700 sunt;
547 2614 631 2709 quid
653 2615 839 2707 protervius
866 2613 1095 2683 Truculento?
1122 2640 1222 2708 qnam
1240 2640 1306 2681 una

217 2759 290 2803 cum
317 2731 485 2800 Pseudolo
512 2759 531 2798 a
551 2749 652 2824 poeta
677 2755 757 2796 sene
784 2729 904 2797 factam
932 2731 1054 2799 Cicero
1081 2748 1233 2799 testatur:
1269 2748 1307 2797 ut

216 2850 328 2917 iubis
354 2850 540 2916 subsistam.
588 2849 676 2939 Ergo
700 2847 747 2912 sie
770 2847 879 2938 potius
907 2844 1129 2926 statuendum,
1162 2846 1308 2914 admira-

215 2965 276 3034 bili
311 2965 413 3032 suisse
447 2963 633 3030 Plautinum
665 2963 834 3056 ingenium
868 2989 937 3030 non
968 2980 1091 3029 tantum
1120 2962 1303 3048 fertilitate,

217 3111 331 3152 verum
363 3085 461 3150 etiam
493 3085 652 3150 varietate
691 3102 723 3150 et
754 3101 910 3176 tanquam
937 3082 1134 3163 mobilitate,
1162 3109 1227 3175 qua
1250 3083 1305 3149 di-

215 3202 418 3268 versissimae
443 3196 566 3265 indolis
589 3199 720 3265 fabulae
748 3197 997 3292 propemodum
1020 3222 1087 3265 nno
1115 3199 1304 3291 eodemque

215 3334 369 3408 tempore
395 3331 614 3381 nascerentur
640 3332 673 3380 et
697 3316 738 3380 ab
767 3314 924 3381 effrenata
946 3313 1079 3380 lascivia
1098 3313 1304 3381 adsedatam

214 3432 436 3497 urbanitatem
461 3429 566 3497 facilis
590 3431 743 3497 transitus
768 3430 872 3496 fieret.
918 3431 1115 3522 Quanquam
1152 3429 1303 3523 aliquan-

215 3566 281 3612 tum
308 3545 522 3638 intelligimus
546 3547 580 3611 iu
607 3547 671 3612 hoc
698 3572 822 3638 genere
842 3570 909 3612 non
935 3548 1001 3638 ipsi
1016 3545 1133 3613 Plauto
1154 3549 1304 3612 tribuen-

215 3660 295 3727 dum
328 3686 420 3741 esse,
457 3665 517 3727 sed
558 3684 671 3726 eorum
708 3685 726 3725 e
758 3661 878 3754 qpibus
901 3659 1070 3753 penderet
1095 3662 1304 3728 Graecorum

215 3776 445 3869 exemplorum
472 3750 740 3841 dissimilitudini.
768 3779 874 3859 Quam
892 3801 964 3841 rem
989 3777 1043 3842 hie
1061 3777 1206 3868 tetigisse
1223 3777 1301 3842 satis

216 3891 345 3975 habeo,
370 3892 541 3982 pertinent
566 3908 674 3956 autem
697 3892 763 3957 hue
791 3916 838 3970 ea,
866 3916 951 3983 quae
980 3888 1110 3956 lubrica
1133 3916 1212 3958 sane
1240 3915 1303 3957 nee

213 4033 232 4073 a
250 4005 509 4096 dubitationibus
528 4031 627 4071 vacua
643 3982 848 4096 quaestione,
868 4004 927 4070 scd
952 4029 1018 4073 non
1039 4005 1203 4073 mediocri
1222 4029 1300 4071 aeu-

213 4123 301 4187 mine
331 4118 538 4212 Ladcwigius
578 4123 730 4212 exposuit
764 4121 893 4189 Comm.
920 4118 963 4186 de
989 4119 1134 4188 Vulcatii
1158 4117 1299 4210 Sedigiti

213 4260 338 4303 canone
365 4262 397 4328 p.
424 4232 471 4303 34
498 4260 547 4327 sq.

308 4351 418 4442 Atque
444 4349 495 4414 his
522 4347 659 4441 quidem
687 4351 752 4417 boe
776 4377 879 4418 unum
909 4352 1081 4419 additurus
1111 4375 1218 4429 eram,
1236 4366 1298 4432 nt,

212 4485 370 4559 quantum
396 4491 413 4530 e
437 4465 560 4531 certius
587 4463 765 4558 descriptis
792 4467 994 4562 singularum
1025 4465 1211 4534 fabularum
1237 4490 1296 4530 an-

262 4712 291 4777 'j
320 4709 358 4762 De
376 4709 426 4761 boc
445 4710 539 4762 dietum
557 4715 597 4760 eat
614 4726 639 4778 p.
659 4710 717 4762 tto.
734 4710 793 4763 117.
