2820 5332
435 652 599 695 rutnvttnt
626 647 819 694 rutvrtnts.
1101 628 1172 700 531

99 825 444 915 enuntietoluuquem
476 820 513 887 id
543 839 654 915 potest
677 823 809 902 velere,
845 821 940 914 quod
972 847 1040 891 nou
1075 848 1173 892 esse

96 940 304 1033 simpliciter,
328 936 388 1004 sed
411 962 482 1004 esse
508 958 665 1031 oportere
691 937 743 1006 eei
770 939 880 1005 iuberi
907 941 1079 1030 cogitetur.
1131 939 1178 1007 Vt

95 1056 149 1122 vel
175 1057 259 1125 huuc
284 1055 328 1122 ob
356 1079 501 1123 caussam
527 1054 647 1125 frustra
672 1055 724 1134 sit,
750 1056 808 1147 qui
830 1055 896 1122 hoc
919 1054 1091 1125 scribendi
1117 1080 1175 1148 ge·

95 1197 156 1238 nus
186 1173 373 1266 proposuit:
414 1169 589 1262 Siquidem
614 1167 815 1262 obsignatur
840 1171 968 1239 cittulat
1000 1164 1173 1262 epistolas.

93 1286 182 1355 Nolo
205 1289 294 1354 enim
319 1289 354 1352 iu
379 1286 543 1378 producte
571 1303 610 1356 at
636 1287 761 1380 syllaba
788 1287 945 1364 moreris
965 1289 1057 1355 cuius
1082 1284 1178 1356 nuuc

96 1402 266 1481 defensio,
304 1403 573 1495 quotiescunque
603 1401 647 1469 ad
676 1401 832 1471 codicum
855 1405 931 1470 vitiu
961 1400 1176 1473 sustentando

94 1518 154 1586 illo
182 1516 334 1585 vendidit
362 1521 400 1583 in
429 1513 531 1584 Alide
556 1518 652 1584 abusi
683 1535 780 1598 sunt,
813 1517 905 1611 quod
936 1541 1079 1611 prorsus
1107 1543 1177 1587 oon

95 1633 283 1700 dubitamus
319 1634 401 1726 quin
431 1657 495 1728 pro
529 1658 648 1700 vertum
678 1633 775 1702 dedit
813 1635 1000 1726 irrepserit.
1037 1669 1084 1685 ··-
1125 1636 1176 1703 Ao

95 1750 184 1816 hanc
208 1750 317 1842 potius
342 1748 517 1817 voluerunt
543 1749 692 1819 Calliclis
713 1751 914 1818 sententium
939 1774 1028 1818 esse:
1063 1747 1177 1830 „alter

96 1889 199 1931 weuu
224 1889 263 1930 er
294 1863 351 1931 die
384 1867 506 1953 Briefe
537 1866 716 1957 versiegeit
747 1865 897 1958 bringeri
927 1865 1017 1933 wod
1050 1866 1175 1957 (ongo-

97 2004 255 2046 nommert
289 2006 329 2047 er
357 1981 434 2048 irat
454 1986 505 2048 sie
539 1984 718 2074 versiegelt
748 1980 913 2073 gebracht
948 1981 1001 2049 vel
1033 2007 1176 2074 genem·

96 2095 188 2180 men)
206 2098 272 2164 -i
320 2099 434 2190 Atqui,
460 2100 545 2168 hanc
571 2124 706 2192 quoque
729 2102 924 2167 senteutiam
950 2119 986 2168 ut
1011 2125 1081 2168 nou
1107 2123 1178 2166 esse

97 2214 254 2280 absonam
282 2213 484 2295 concedam,
522 2216 566 2282 ite
591 2239 659 2282 nou
685 2216 786 2309 magis
814 2241 912 2308 quem
935 2241 1035 2307 supra
1062 2213 1178 2283 tulerit

97 2329 234 2397 sormam
267 2329 425 2411 sericeas,
461 2329 524 2397 sed
556 2332 743 2398 necessario
776 2332 931 2398 iteratum
963 2329 1177 2397 indicativum

96 2445 197 2536 futuri
225 2448 442 2538 requirimus,
477 2448 512 2510 in
537 2448 623 2513 hene
648 2447 718 2513 fere
744 2448 913 2539 speciem:
949 2445 1012 2511 sed
1037 2443 1176 2539 qttondo

97 2560 297 2652 obsignatas
318 2563 480 2656 epistulas
506 2563 645 2651 offeret,
680 2566 712 2628 si
735 2560 870 2655 quidem
895 2561 1098 2653 obsignatas
1113 2563 1178 2647 fe-

29 2689 32 2696 ’
96 2694 158 2741 ret.
210 2678 259 2741 Ex
284 2677 349 2744 hoc
375 2696 483 2744 eutem
509 2676 662 2770 exemplo
687 2677 785 2743 simul
801 2696 950 2770 apparet,
976 2675 1059 2768 quid
1079 2700 1177 2768 prse-

99 2809 151 2858 ter
178 2818 226 2870 ee,
252 2791 295 2858 de
321 2794 442 2885 quibus
468 2791 577 2859 adhuc
595 2791 748 2870 diximus,
773 2791 950 2860 molestum
970 2793 1021 2857 sit.
1044 2793 1177 2859 Vtrum-

97 2933 228 3001 cunque
247 2909 335 2973 enim
353 2909 662 3000 interpretationem
684 2906 911 3001 eutplecteris,
935 2905 1019 2973 ultra
1040 2905 1177 2973 modum

98 3020 233 3116 languet
258 3023 438 3114 repetitum
464 3021 527 3088 itas
552 3023 722 3114 epistulas,
749 3048 810 3114 pro
838 3046 905 3115 quo
932 3040 987 3090 aut
1010 3020 1092 3087 nihil
1122 3041 1177 3090 eut

96 3136 202 3204 solum
220 3162 278 3202 eos
291 3161 479 3229 pronomen
497 3139 942 3231 exspectemus-Ergone,
969 3162 1069 3228 qttem
1086 3134 1176 3204 nulle
1203 3202 1207 3209 ,

96 3251 315 3331 ratiocinatio,
341 3277 416 3319 eum
441 3250 643 3321 versiculum
668 3252 787 3321 saltem
811 3252 890 3321 libri
917 3251 1074 3321 tuentes?
1115 3252 1176 3322 Vir

97 3366 219 3434 dentur
244 3367 374 3465 scilicet
401 3370 504 3448 tueri,
531 3369 559 3435 si
585 3395 625 3436 ex
650 3369 785 3437 silentio
809 3368 976 3437 editorum
1000 3367 1176 3439 iudicatur.

98 3483 394 3551 Vesomenimvero
425 3509 493 3551 non
524 3484 682 3552 attulerit
717 3503 842 3552 tentore
872 3510 937 3578 pro
970 3484 1089 3555 tulerit
1112 3484 1175 3553 itas

98 3598 220 3691 legitur
244 3603 280 3666 in
307 3600 478 3681 omnibus,
517 3600 577 3667 sed
612 3602 709 3669 etiem
733 3607 767 3670 si
787 3601 924 3691 porilem
945 3602 1016 3669 sole
1040 3620 1090 3670 est
1112 3602 1176 3670 Co·

95 3717 229 3782 merarii
259 3719 450 3784 coniectura
487 3719 674 3799 invectum,
711 3744 772 3811 pso
806 3743 873 3811 quo
904 3719 942 3783 in
965 3718 1092 3784 Vetere
1122 3734 1173 3785 est

97 3830 159 3894 sed
183 3835 258 3922 peto,
283 3837 317 3899 in
343 3836 525 3901 Decurteto
558 3835 805 3926 Vrsinienoque
829 3831 893 3899 sed
917 3834 997 3925 qui,
1022 3835 1059 3899 iu
1084 3836 1176 3926 prim

98 3949 174 4036 cipe
203 3945 349 4014 editione
373 3949 563 4042 siquando:
592 3951 711 4041 quibus
738 3947 941 4018 evidentiore
966 3950 1103 4042 vestigia
1125 3951 1176 4015 iu·

98 4061 328 4154 terpoletiouis
354 4068 500 4158 reperiri
522 4090 621 4158 posse
648 4089 746 4158 nego.
797 4065 880 4147 Quis·
903 4067 1014 4145 enim,
1038 4092 1175 4159 qoeoso,

98 4181 156 4269 qui
187 4179 369 4246 secundum
397 4184 487 4275 ipsos
520 4181 624 4249 libros
656 4207 730 4247 mss.
764 4181 825 4249 hoe
856 4183 943 4249 iusta
980 4207 1018 4249 so
1046 4183 1174 4277 positos

99 4320 210 4360 versus
238 4301 469 4388 conspexerit:

195 4409 266 4478 Sed
288 4413 447 4502 epistulas
469 4406 609 4506 quaudo
631 4415 831 4508 obsignatas
856 4416 979 4505 afferet

198 4573 269 4642 Sed
291 4528 667 4739 gzlekffldg'mm
694 4572 1053 4674 attuleritsscptstulm:
