2820 5332
188 765 193 772 .
220 704 293 777 ³78
601 723 644 766 rr.
670 720 914 764 navarenses

218 897 380 967 Archelai
402 896 581 989 Vectiiqoe
615 894 802 962 Philocomi
826 892 868 978 ⁴⁸),
894 892 1097 972 Naevianae,
1122 890 1309 965 Ennianus,

218 1013 411 1083 Lucilianae
436 1013 554 1106 poesis*
571 1013 804 1104 interpretum.

730 1275 759 1363 l·
783 1277 817 1346 c.

320 1473 522 1542 Accedimus
543 1472 586 1541 ad
610 1475 681 1568 ipsa
709 1476 1023 1543 commentariorum
1048 1464 1229 1566 fragmenta
1255 1475 1311 1542 si.

222 1615 357 1658 manac.

321 1703 385 1793 (l.)
423 1707 571 1774 Pertinet
600 1706 709 1799 prima
741 1711 909 1777 annotatio
943 1707 987 1776 ad
1010 1709 1180 1775 Hannonis
1205 1710 1310 1776 verba

223 1819 365 1890 Poennli
391 1823 433 1903 V,
461 1827 498 1900 1,
528 1827 556 1889 1.
603 1822 792 1889 Ilaloninm
819 1843 927 1891 autem
960 1849 1027 1890 non
1063 1842 1113 1891 est
1145 1821 1311 1890 credibile

224 1938 399 2006 Sisennam
423 1939 618 2031 scripsisse,
649 1941 741 2005 cuius
767 1939 848 2007 haee
874 1941 983 2032 potius
1010 1940 1154 2006 fuerint:
1198 1937 1312 2005 Alo-

224 2051 336 2142 nim]
361 2054 469 2120 alon
505 2051 619 2122 Poeni
648 2054 768 2121 dieunt
802 2056 911 2122 deum.
961 2057 999 2120 ln
1037 2055 1216 2148 proximis,
1246 2052 1313 2120 nisi

225 2169 312 2237 sorte
338 2168 433 2262 plura
460 2171 589 2236 turbata
608 2189 693 2250 sont,
719 2160 834 2239 nescio
856 2198 898 2239 an
923 2172 1005 2240 ferri
1028 2173 1148 2265 possit:
1174 2186 1209 2236 at
1228 2194 1314 2263 pro-

224 2285 419 2352 ducendam
442 2285 610 2374 syllabam
637 2292 739 2353 metri
762 2293 881 2379 gratia
906 2294 1017 2381 exigit
1042 2288 1179 2356 iambres.
1222 2289 1312 2356 Haec

225 2419 335 2467 autem
360 2425 429 2467 non
454 2400 551 2468 video
579 2426 644 2494 quo
663 2421 814 2495 spectare
828 2406 957 2496 possint
973 2407 1039 2469 nisi
1052 2403 1095 2471 ad
1114 2401 1314 2497 productam

227 2517 358 2583 alonim
383 2518 473 2585 vocis
498 2518 824 2609 antepaennltimam.
855 2521 905 2586 Ac
932 2519 1112 2613 descripsit
1138 2536 1236 2597 certe,
1255 2521 1314 2611 qui

227 2633 273 2701 de
310 2636 441 2701 Punicis
476 2635 635 2702 Plautinis
674 2661 785 2728 nuper
811 2655 1053 2703 commentatus
1089 2654 1147 2717 est,
1174 2637 1315 2703 Wexius

230 2775 265 2844 p.
294 2752 341 2820 ‘20
364 2752 535 2818 Hannonis
561 2751 661 2816 rerba
686 2751 729 2816 arl
755 2754 975 2820 iambicorum
998 2777 1212 2820 numerorum
1237 2777 1317 2819 nor-

233 2892 322 2933 mam
349 2867 413 2935 hoe
440 2865 613 2960 exemplo:

578 3016 769 3071 V-''V—
799 3018 991 3072 kl—,w-

527 3113 529 3117 ‘
552 3099 623 3188 ytlt
649 3100 776 3164 alonim
803 3100 994 3166 vealonntlr.

235 3231 333 3315 Quod
357 3231 383 3298 si
409 3233 452 3298 ita
473 3255 588 3296 revera
604 3233 784 3297 instituerit
800 3251 909 3324 poeta,
932 3251 1070 3325 apparet
1090 3233 1218 3298 alortim
1240 3257 1322 3299 verce

235 3348 459 3414 Romanorum
483 3372 578 3412 cures
605 3365 749 3413 assuetas
773 3347 872 3413 luisse
898 3349 940 3414 ita
968 3348 1187 3440 pronuntiata,
1215 3364 1249 3412 ut
1266 3371 1323 3412 nc-

238 3480 352 3529 centus
388 3463 419 3528 vi
457 3464 490 3526 in
519 3460 668 3528 ultimam
705 3463 863 3557 syllabam
901 3464 1049 3532 cudentis
1085 3463 1169 3531 dirue
1192 3466 1323 3556 priores

237 3579 502 3670 corriperentur:
530 3602 666 3669 prorsus
692 3599 728 3646 nt
754 3581 790 3646 lit
807 3583 840 3646 in
864 3582 1095 3649 Hebraeorum
1123 3581 1243 3647 elolrim
1262 3578 1324 3665 **).

238 3696 345 3780 Quam
371 3711 479 3760 autem
505 3696 665 3763 vellemus
693 3725 731 3764 ex
757 3701 957 3765 Punicorum
993 3698 1125 3766 illorum
1155 3701 1328 3790 interpre-

239 3813 362 3879 tatione
389 3811 552 3880 Sisennae
579 3813 676 3905 plura
703 3833 827 3881 serrata
855 3833 971 3881 essent

334 3924 396 4015 (ll.)
423 3929 461 3994 ln
483 3927 638 3996 Rudente
665 3931 804 3998 Sisenna
820 3935 899 4018 fnit
925 3933 1078 4024 repperit
1091 3947 1235 3999 extenta
1251 3937 1328 4026 pri-

240 4069 295 4111 ma
321 4044 454 4136 syllaba
481 4052 582 4113 metri
607 4073 727 4113 cansa:
754 4051 801 4116 sic
829 4050 918 4114 enim
941 4046 1186 4142 corrigendum.
1214 4050 1327 4143 Atque

241 4160 275 4226 in
302 4160 431 4226 Veneta
459 4160 606 4229 editione
634 4181 684 4229 est
707 4167 846 4230 extrita.
895 4165 1249 4257 Circurnspicientibns
1271 4193 1329 4232 au-

250 4371 431 4380 ·——--—...-.
438 4373 541 4380 .-—.-
548 4376 556 4380 -

295 4488 320 4553 a)
351 4485 478 4553 Veetr'iqrte
496 4485 652 4551 Philocnnn',
672 4502 722 4537 non
748 4487 835 4550 Vectir',
854 4488 882 4550 (l.
905 4484 1058 4550 Plrilccnmr',
1088 4486 1113 4537 id
1132 4486 1200 4554 quod
1220 4487 1331 4537 ‹lemon-

350 4574 485 4625 suavinus
513 4589 537 4641 p.
560 4573 618 4626 195.
657 4561 725 4626 lllud
754 4574 846 4624 mirere
869 4574 944 4625 etium
962 4573 1187 4642 diligentissimum
1207 4573 1332 4626 Orellimn

349 4675 468 4712 servasse
491 4662 587 4727 Horatii
606 4660 657 4712 rol.
676 4661 709 4725 ll,
729 4677 753 4729 p.
777 4661 835 4714 185.

290 4750 331 4818 ⁶⁹)
350 4750 494 4801 assentitur
508 4748 614 4802 Wexius
634 4749 698 4803 llus.
718 4748 808 4818 philol.
828 4747 881 4802 rol.
895 4748 928 4814 ll,
945 4765 971 4817 p.
993 4747 1041 4805 131
1062 4767 1092 4820 sq
1120 4750 1158 4804 Cf.
1180 4749 1214 4802 ib.
1236 4766 1263 4818 p.
1277 4749 1336 4803 160.
