2820 5332
300 1850 359 1916 DE
382 1849 532 1917 ACTAE
558 1850 791 1921 TRINVMMI
818 1852 1042 1923 TEMPORE.
1069 1852 1100 1941 *)

259 2256 289 2320 Τ
298 2279 315 2318 r
324 2255 334 2317 i
344 2278 366 2317 n
380 2279 399 2319 u
408 2278 440 2318 m
452 2278 514 2318 mu
526 2277 558 2319 m
585 2277 652 2347 quo
678 2279 766 2321 anno
793 2254 925 2321 Plautus
952 2254 1136 2338 docuisset,
1157 2287 1163 2298 ·
1175 2260 1245 2353 pri·

160 2397 231 2437 mus
260 2395 424 2464 quaerere
451 2370 488 2434 F.
515 2370 717 2437 Ritterus
745 2389 861 2439 noster
884 2372 1025 2439 instituit
1049 2375 1084 2438 in
1107 2376 1247 2445 Diurnis

159 2486 366 2555 scholasticis
393 2510 419 2551 a.
446 2485 536 2554 1831
576 2511 611 2587 P?
636 2486 708 2558 ‘268
733 2512 784 2580 sq.
832 2487 1112 2555 Proficiscebatur
1142 2490 1170 2557 is
1202 2492 1244 2559 ab

159 2604 207 2671 eis
232 2602 385 2669 versibus
412 2600 533 2693 quibus
560 2598 660 2692 agelli
674 2651 684 2684 ,
708 2602 766 2694 qui
793 2599 882 2668 solua
903 2598 1041 2668 relictus
1069 2621 1141 2670 erat
1164 2607 1248 2673 Les-

157 2719 294 2798 bonico,
316 2714 433 2782 laudes
461 2714 590 2783 seilicet
616 2735 650 2784 et
674 2717 809 2783 virtutes
835 2714 1075 2784 studiosissime
1089 2718 1248 2788 Stasimus

158 2860 273 2902 servus
297 2832 421 2912 extulit,
448 2832 489 2912 ΙΙ,
516 2829 551 2911 4,
581 2823 646 2900 141
673 2857 762 2925 sqq:

258 2951 291 3016 T
288 2974 343 3014 um
353 2964 468 3013 autem
486 2945 666 3037 Syrorum,
683 2971 794 3037 gertus
806 2946 900 3039 quod
918 2951 1247 3039 patientissumumst

257 3052 458 3137 Hominum,
478 3084 577 3127 nemo
594 3078 692 3128 extat
717 3065 777 3154 qui
801 3062 849 3129 ibi
871 3088 935 3129 sex
960 3069 1085 3131 :nensis
1107 3070 1245 3134 vixerit:

257 3183 318 3249 Ita
340 3182 456 3245 cerreti
475 3178 651 3244 solstitiali
676 3177 792 3245 morbo
814 3178 988 3246 decidunt.

163 3300 255 3382 Quae
282 3296 331 3362 illi
356 3297 424 3362 visa
449 3311 526 3360 sunt
550 3293 652 3360 adid
677 3311 808 3388 tempus
834 3314 998 3388 spectare,
1018 3320 1085 3389 quo
1112 3294 1246 3366 devicto

160 3414 327 3480 Antiocho
349 3436 429 3503 roge
457 3436 533 3476 eum
555 3406 723 3502 aliquanto
751 3409 825 3503 plus
852 3435 952 3503 quam
972 3430 1066 3479 antea
1080 3434 1246 3480 commer-

161 3532 204 3597 cii
228 3526 443 3595 intercedere
469 3529 556 3592 inter
581 3525 707 3591 Italiam
735 3526 932 3620 Syriamque
960 3530 1136 3620 coepisset,
1176 3549 1245 3597 tum

160 3668 332 3712 servorum
359 3640 534 3709 multitudo
548 3641 707 3735 Syrorum
720 3643 857 3709 Romam
882 3641 1020 3710 advecta
1047 3663 1144 3727 esset,
1162 3669 1246 3738 quo-

159 3787 233 3830 rum
270 3785 382 3825 rarum
411 3777 504 3825 antea
535 3782 600 3850 per
624 3757 737 3824 Italiae
764 3759 864 3825 urbes
886 3783 980 3824 usum
1008 3758 1119 3826 fuisse.
1170 3763 1246 3826 Non

160 3900 233 3943 esse
258 3878 358 3968 igitur
383 3874 617 3939 Trinummum
641 3890 717 3938 ante
743 3898 771 3937 a.
797 3870 870 3940 562
905 3873 946 3939 V.
976 3873 1013 3938 C.
1052 3889 1157 3939 actam
1182 3872 1242 3960 (si-

160 3990 300 4077 quidem
324 3990 424 4055 fastos
451 3986 657 4079 Capitolinos
683 4003 720 4052 ut
743 3986 881 4052 facimus
907 3985 1105 4078 sequimur),
1133 3984 1194 4054 sed
1222 4013 1240 4055 c

159 4108 335 4200 postremis
373 4105 472 4171 fuisse
508 4102 628 4170 fabulis
664 4117 803 4194 poetae:
840 4126 939 4193 quem
969 4127 996 4168 a.
1023 4100 1094 4171 569
1120 4100 1241 4170 desun-

160 4242 248 4291 ctum
275 4237 411 4289 constat.

257 4338 382 4404 Contra
409 4336 570 4402 Ritterum
595 4351 727 4401 exortus
756 4350 806 4399 est
829 4331 857 4397 F
860 4381 867 4396 .
894 4329 1240 4400 Windischman·

163 4479 242 4523 nus
283 4477 322 4518 ea
355 4450 630 4518 commentatione
666 4475 765 4543 quam
796 4446 839 4516 ‹le
874 4445 1062 4516 didascaliis
1087 4448 1244 4519 Plautinis

190 4737 219 4806 ⁶)
246 4734 321 4787 Edita
339 4751 363 4786 a.
382 4746 614 4796 crotoccoxxutu.
