2820 5332
462 721 496 765 tt.
520 720 718 768 nr’arrtrs
746 723 874 767 resurr.
1167 701 1215 773 53

121 913 179 963 ant
203 891 365 973 fallimur,
400 910 456 960 ant
488 920 531 960 ne
568 897 615 962 sic
653 895 789 989 quidem
824 913 873 962 sat
904 895 1080 963 commode
1106 895 1214 963 Plauti

119 1010 307 1102 Naeviique
333 1011 460 1076 mentio
485 1007 618 1076 mediae
643 1009 687 1076 de
712 1011 809 1079 Livio
834 1012 1014 1078 narrationi
1039 1012 1213 1079 interiecta

120 1124 231 1204 fuerit,
266 1122 382 1191 eidem
415 1123 563 1193 subiecta
588 1125 758 1191 Ennianae
780 1127 895 1192 aetatis
922 1125 1140 1217 comparatio:
1178 1143 1213 1191 nt

119 1237 225 1306 multo
252 1257 287 1306 et
307 1236 492 1331 simplicius
528 1257 574 1305 et·
599 1240 793 1307 concinnius
824 1240 946 1307 Cicero
981 1239 1133 1306 videatur
1169 1238 1212 1305 acl

119 1355 186 1423 hoe
209 1355 321 1447 potius
348 1352 542 1446 exemplum
565 1353 737 1438 locuturus
763 1355 879 1423 luisse:
914 1377 1009 1421 anno
1039 1371 1123 1419 etate
1149 1377 1212 1421 na-

121 1485 193 1535 tum
213 1469 384 1550 Ennium,
414 1469 546 1562 aliquot
559 1538 563 1549 ,
578 1485 693 1537 antem
717 1474 821 1535 artatis
844 1486 929 1536 ante
953 1494 1055 1561 quam
1080 1473 1118 1535 itt
1139 1493 1212 1536 sce-

121 1606 203 1649 nam
234 1585 386 1650 Naevius
419 1599 453 1648 et
481 1581 627 1651 Plautus
656 1584 874 1675 prodierunt.
925 1587 1051 1653 Contra
1076 1585 1112 1650 in
1137 1585 1211 1675 ipso

119 1702 180 1790 qui
201 1700 402 1792 pronomine
423 1698 540 1765 sedem
557 1698 771 1791 corruptelae
793 1699 849 1766 alii
867 1702 1091 1791 quaesierunt
1120 1703 1212 1782 Quo-

118 1838 194 1880 rum
219 1837 285 1880 nec
310 1815 350 1894 ii,
374 1815 431 1907 qui
452 1818 598 1906 fuitque
624 1838 835 1906 proposuere
862 1839 926 1906 pro
951 1819 1011 1904 qui
1032 1817 1123 1901 fuit,
1147 1839 1210 1880 nec

119 1929 178 2022 qui
202 1933 285 2021 quin
300 1932 380 2015 fnit
401 1933 583 2007 suaserunt,
610 1930 789 1994 existimari
813 1945 954 2021 possent
975 1929 1011 1995 id
1030 1953 1101 1994 esse
1120 1953 1209 1994 asse-

119 2044 197 2122 cuti,
223 2043 317 2136 qnod
344 2045 420 2110 satis
447 2042 585 2135 dignum
608 2067 764 2110 sermone
790 2043 948 2133 Tulliano
983 2061 1079 2110 esset.
1124 2042 1209 2109 Nam

119 2180 194 2224 cutn
217 2158 297 2225 hoe
324 2161 366 2225 sit
387 2157 622 2239 durissimum,
659 2157 889 2242 simulantem
916 2162 998 2248 quin
1023 2156 1207 2249 particulae

116 2272 165 2341 ris
191 2274 290 2339 etiam
310 2273 430 2340 sortior
469 2299 568 2366 quam
601 2298 664 2365 pro
704 2273 800 2340 huius
828 2272 1124 2366 argumentationis
1150 2297 1209 2339 ae-

117 2387 332 2479 quabilitate,
367 2406 435 2454 tum
460 2413 503 2454 ne
529 2389 668 2456 alterum
695 2388 832 2481 quidem
855 2387 940 2455 illud
967 2389 1009 2454 ab
1037 2389 1206 2455 Cicerone

117 2499 249 2567 ridetur
273 2502 337 2567 taisi
359 2503 407 2568 sic
432 2501 500 2569 dici
527 2506 690 2596 potuisse:
707 2508 852 2594 fuitque
878 2508 892 2569 i
900 2504 933 2568 ll
941 2528 959 2568 e
985 2507 1096 2569 maior
1121 2518 1206 2570 aratu

117 2638 218 2706 quam
242 2612 283 2684 P.
315 2633 350 2681 et
374 2619 417 2684 Ν.
468 2619 518 2683 Ex
556 2618 606 2684 his
641 2619 742 2712 igitur
775 2620 928 2684 omnibus
964 2618 1207 2686 consectarium

116 2753 188 2796 csse
214 2729 282 2798 hoc
303 2727 471 2812 volumus,
506 2730 548 2799 de
575 2731 772 2825 glossemate
799 2749 891 2798 recte
916 2731 1122 2798 Bonherium
1149 2754 1206 2796 eo-

115 2845 246 2937 gitasse,
271 2848 461 2939 meritaque
488 2849 669 2914 acrimonia
687 2874 761 2914 eam
774 2848 977 2913 sententiam
1001 2846 1038 2915 F.
1054 2846 1096 2912 A.
1107 2841 1207 2913 Wol-

108 2960 195 3042 ⁴lium
218 2958 423 3028 defendisse.
476 2963 538 3029 llic
562 2979 671 3027 autern
699 2986 773 3027 cum
798 2985 816 3026 e
843 2957 974 3026 duobus
1001 2958 1205 3052 glossematis

113 3074 199 3142 illud
225 3074 490 3144 additamentum
526 3075 787 3167 conglutinatum
817 3078 947 3155 statuit,
982 3075 1107 3141 firmari
1140 3076 1205 3142 hoc

111 3193 226 3285 aliquo
252 3190 355 3260 motio
382 3191 508 3259 codicis
535 3191 873 3284 uniusVerburgiani
899 3192 1094 3258 auctoritate
1111 3189 1205 3256 vide-

112 3324 177 3389 tur,
201 3332 221 3374 a
248 3330 315 3400 quo
342 3307 462 3374 absunt
483 3323 518 3372 et
542 3307 693 3375 Naevius
727 3307 838 3375 verba.
891 3308 963 3390 Qua
996 3303 1134 3396 quidem
1166 3329 1203 3370 rc

109 3445 154 3488 ne
182 3423 257 3514 quis
285 3423 328 3487 ita
354 3422 519 3502 abutatur,
544 3436 581 3486 nt
605 3421 657 3486 his
684 3437 810 3486 tantum
839 3421 951 3486 verbis
979 3421 1092 3487 eiectis
1118 3435 1204 3486 tute-

110 3553 164 3603 tur
189 3534 321 3629 reliqna
346 3541 406 3627 qui
419 3540 501 3623 fuit
525 3539 637 3602 maior
663 3551 747 3601 natu
769 3548 870 3629 quom
894 3534 1065 3605 Plautus:
1099 3560 1203 3628 repu-

108 3649 244 3717 tandum
271 3669 321 3718 est
345 3649 447 3743 longe
473 3651 634 3716 maiorem
660 3650 879 3719 offensionem
901 3651 1027 3718 habere
1049 3650 1201 3717 Plautum

110 3788 209 3856 quam
234 3765 460 3857 antiquiorem
482 3783 620 3857 poetam
645 3766 818 3845 Naevium,
854 3781 887 3831 et
915 3763 1024 3832 solum
1048 3762 1201 3830 Plautum

109 3902 209 3970 qoam
236 3904 300 3945 una
328 3904 403 3945 cnm
429 3878 557 3947 Naevio
583 3879 647 3946 lrac
675 3881 711 3946 in
743 3881 1031 3971 argumentatione
1057 3903 1202 3945 comme-

106 4012 282 4062 moratum.
334 3993 500 4088 Idemque
529 4019 593 4061 una
626 4020 667 4061 ex
692 4013 788 4087 parte
812 3995 1005 4073 inPearcii
1032 3993 1204 4061 coniectu·

106 4132 178 4175 ram
212 4106 303 4176 cadit
336 4132 438 4202 quant
466 4105 630 4187 Plautus,
666 4125 703 4174 ut
739 4125 774 4174 et
808 4110 975 4177 Naevius:
1011 4132 1109 4200 quam
1146 4107 1201 4175 vel

104 4240 247 4316 propter
269 4222 406 4292 dicendi
432 4249 536 4318 genus
562 4224 687 4290 mirere
712 4223 861 4316 potuisse
886 4223 927 4288 ab
941 4219 1096 4293 Ernestio
1120 4246 1202 4315 pro·
1265 4258 1271 4264 ·

103 4337 186 4404 bari.
226 4337 343 4406 Altera
372 4341 462 4406 enim
485 4365 525 4405 ex
552 4357 649 4432 parte
675 4339 741 4405 hoc
768 4336 907 4431 quidem
935 4336 1201 4404 additamentum

104 4468 141 4518 ttt
165 4469 200 4519 et
224 4455 374 4521 Naevius
411 4480 491 4522 vere
516 4453 652 4546 languet
678 4471 713 4520 et
735 4454 979 4546 ineptissimum
1015 4471 1085 4520 cst:
1117 4451 1201 4546 qnid

103 4567 194 4634 enim
228 4566 273 4636 ad
303 4570 388 4637 Livii
421 4587 561 4638 aetatem
589 4566 855 4662 cognoscendam
882 4566 951 4635 ullo
976 4586 1074 4659 pacto
1115 4566 1200 4633 illud

98 4683 261 4774 pertinet,
287 4685 394 4753 maior
418 4686 571 4756 minorve
597 4683 714 4752 Plauto
741 4683 884 4752 Naevius
909 4682 1030 4751 fueriti
