2820 5332
446 661 610 706 curarunt
638 663 832 708 aerumnae.
1111 643 1178 714 541

106 834 192 900 Item
217 832 336 901 Bacch.
362 832 419 910 lv,
445 829 479 911 4,
502 829 552 902 84
584 835 804 900 necessariam
832 835 876 901 de
909 836 1070 930 syllabam
1103 840 1184 908 ali-

106 954 226 1018 brnriis
252 967 392 1043 propter
416 951 560 1016 vicinum
587 965 621 1014 te
648 953 801 1016 omissam
815 950 937 1020 adiecit
956 955 1182 1024 Camerarius:

205 1064 301 1166 Quid
323 1065 388 1131 tibi
410 1089 532 1130 aurum
555 1060 694 1133 rdddidi
719 1084 754 1133 et
779 1073 859 1158 quia
884 1065 956 1135 uo'n
981 1086 1016 1137 te
1039 1071 1184 1157 defrau-

691 1182 854 1250 ddverim.

103 1296 191 1364 Male
218 1295 366 1363 eundem
391 1314 522 1362 secutus
549 1297 776 1365 Camerarium
800 1299 884 1366 Rud.
911 1300 952 1380 V,
978 1303 1011 1380 2,
1034 1303 1082 1370 58
1105 1303 1186 1369 Rei-

102 1413 170 1478 zius
198 1411 349 1504 pessimis
374 1411 520 1477 numeris
548 1414 682 1506 scripsit
703 1414 746 1482 Si
757 1409 975 1502 fruddassis,
1001 1411 1108 1483 dicito
1135 1424 1187 1485 uti

103 1546 137 1593 te
164 1533 200 1593 in
226 1520 367 1617 quaestu'
394 1542 462 1590 tuo.
507 1527 669 1596 Revocata
690 1528 854 1598 librorum
880 1533 1045 1624 scriptura
1067 1532 1123 1600 dic
1147 1551 1185 1603 ut
1269 1556 1271 1561 ·

101 1667 234 1711 mecum
259 1659 410 1708 restitue:

201 1757 242 1826 Si
266 1752 527 1845 ddfrartdarsis,
548 1750 607 1824 dt‘c
631 1775 669 1825 ut
690 1764 726 1825 in
752 1755 893 1852 quaesta
917 1778 988 1835 tuo,

102 1877 250 1966 Languet
275 1873 365 1938 euim
391 1898 408 1937 a
434 1873 551 1940 Botbio
575 1877 759 1965 praemissa
784 1875 857 1944 Sed
880 1875 1053 1968 particula.
1116 1879 1183 1947 Ce-

101 2008 212 2056 terum
244 2013 318 2055 cum
348 1990 534 2054 Trinummi
570 2014 668 2057 versu
701 1992 805 2058 Vetus
834 1991 909 2058 cod.
944 1993 1037 2059 Cam.
1070 2018 1184 2063 serva·

101 2108 146 2171 rit
170 2104 393 2192 defrudavi,
431 2128 498 2170 nou
527 2105 598 2170 sine
625 2106 755 2173 ratione
781 2106 914 2173 videtur
939 2109 1059 2175 coniici
1081 2132 1183 2200 posse

102 2230 174 2287 eain
207 2221 424 2313 scripturam,
465 2245 550 2311 quae
576 2220 654 2286 fitu
679 2219 811 2301 littera,
850 2223 1013 2290 etiamad
1038 2224 1183 2318 simplex

101 2337 241 2402 verbum
269 2332 451 2422 (frudare)
478 2337 690 2426 pertinuisse,
713 2338 841 2403 tametsi
863 2339 935 2403 sine
957 2336 1183 2431 discrepantia

103 2451 327 2534 fraudaveris
351 2470 384 2516 ct
398 2449 603 2537 fraudassir
627 2449 760 2543 prodita
786 2469 863 2516 suut
886 2453 977 2518 Asin.
1005 2454 1065 2532 ΙΙΙ,
1079 2458 1112 2533 2,
1128 2458 1182 2524 15.

102 2567 187 2634 Rud.
211 2568 253 2647 V,
269 2567 377 2652 2‚58:
404 2563 688 2658 quemadmodum
716 2583 750 2633 et
777 2565 913 2633 cludere
938 2592 1001 2661 pro
1024 2569 1183 2637 claudere

101 2682 334 2773 frequentatur
361 2700 395 2747 et
421 2704 482 2772 pro
510 2679 649 2746 claudus
675 2680 784 2775 (quod
808 2681 889 2748 libri
914 2700 1029 2749 tenent
1057 2684 1131 2752 Aul.
1156 2688 1182 2767 Ι,

106 2805 138 2877 t,
164 2791 228 2885 34)
264 2799 336 2889 ipse
369 2795 502 2862 Plautus
528 2795 645 2862 eludas
671 2798 814 2888 praebet
851 2796 972 2863 Pseud.
997 2799 1038 2879 ΙΙ,
1064 2802 1099 2881 2,
1124 2800 1181 2870 64.

101 2913 184 2979 Nam
211 2911 255 2978 de
280 2914 462 3003 composito
489 2910 625 3004 quidem
651 2914 756 2979 verbo
781 2913 918 2980 minime
944 2913 1073 2997 dubito,
1099 2916 1182 3010 quin

102 3028 187 3094 hanc
213 3027 353 3093 formam
387 3025 560 3094 comoedia
590 3026 694 3094 solam
728 3029 824 3094 norit.
876 3031 951 3113 Quo
988 3033 1023 3096 iu
1054 3058 1180 3125 genere

101 3142 154 3209 rel
181 3145 246 3209 hoc
272 3143 414 3236 aliquam
438 3144 504 3208 rim
522 3142 635 3222 hahet,
663 3142 755 3235 quod
780 3143 871 3240 apud
891 3147 1096 3226 Terentium,
1123 3176 1181 3216 cu-

103 3261 152 3324 ius
180 3259 301 3325 cultior
326 3277 413 3325 aetas
440 3284 551 3325 casces
569 3259 690 3325 formas
707 3259 865 3350 plurimas
886 3263 1014 3354 sprevit
1030 3289 1048 3329 a
1065 3261 1181 3334 Plauto

101 3398 311 3467 nequaquam
337 3373 481 3453 alienas,
518 3374 559 3439 ab
592 3376 724 3466 optimis
750 3373 845 3441 libris
871 3393 1059 3444 constanter
1086 3380 1181 3447 exhi·

100 3493 203 3559 betur
224 3489 415 3578 defrudare'
442 3489 586 3582 Adelph.
614 3491 657 3572 ΙΙ,
683 3494 717 3570 2,
745 3492 793 3562 38
819 3509 854 3558 et
877 3491 1014 3565 Phorm.
1041 3495 1110 3578 Ι,Ι,
1126 3500 1180 3567 10.

68 3646 76 3661 ·
99 3605 202 3700 Apud
228 3606 379 3673 Plautum
405 3624 514 3672 autem
542 3607 616 3699 quis
652 3606 741 3673 ferat
769 3605 899 3676 duobus
925 3611 1074 3676 versibus
1101 3637 1181 3681 cou-

98 3726 196 3789 tinuis
223 3726 271 3790 sic
295 3724 453 3790 variatum
478 3724 572 3790 Men.
597 3723 653 3803 lv,
679 3724 712 3802 3,
739 3726 793 3791 12.
825 3728 883 3793 13:

201 3834 295 3936 Quia
320 3842 471 3905 commisi
496 3854 533 3904 ut
558 3863 610 3904 me
634 3836 824 3922 dffrudes,
849 3837 898 3903 ad
921 3862 1000 3904 eam
1023 3863 1095 3905 rem
1119 3845 1179 3928 as-
1291 3924 1299 3933 .

681 3955 805 4040 fectus
831 3956 930 4019 viam.
959 3947 962 3955 ’

197 4090 261 4136 Me.
286 4068 403 4162 Neque
427 4069 548 4162 edepol
576 4086 610 4135 te
635 4065 876 4154 defraudandi
906 4093 1028 4136 caussa
1048 4094 1177 4164 pasco:

682 4187 765 4276 quin
792 4183 856 4250 tibi
877 4219 941 4252 -.

98 4302 142 4370 Et
165 4298 310 4396 utroque
335 4299 410 4369 loco
436 4327 458 4367 a
483 4297 630 4369 vocalem
656 4316 817 4366 testantur
833 4300 981 4373 Palatini.
1007 4301 1071 4371 Vel
1085 4303 1177 4372 Asin.
1287 4300 1292 4309 ’

99 4418 162 4498 1,1
192 4419 265 4509 quis
291 4418 355 4482 sibi
379 4413 580 4508 persuadeat
602 4440 651 4482 vv.
680 4417 737 4487 78·
752 4416 800 4484 89,
825 4413 1036 4503 defraudato
1061 4439 1093 4487 et
1118 4418 1178 4484 de·

89 4532 320 4622 fraudaveris
344 4533 514 4624 scriptum,
540 4533 579 4596 iis
606 4548 724 4613 autem,
750 4532 808 4624 qui
831 4549 908 4598 sunt
927 4532 1030 4600 medii
1047 4538 1104 4607 80.
1118 4538 1176 4616 81,

97 4653 149 4717 bis
173 4652 316 4741 positum
343 4649 443 4715 fuisse
477 4645 681 4735 defrudem?
729 4646 815 4714 Nam
847 4649 933 4717 hanc
963 4650 1011 4717 ibi
1036 4649 1176 4717 formam
