2820 5332
242 696 315 769 422
469 665 472 672 Ι
647 722 701 766 vn.
725 721 769 764 or
793 718 908 763 reteri
1013 746 1015 750 »

239 893 425 988 glutinatas.
474 892 606 962 Vellem
632 892 828 972 addidisset,
855 894 921 957 utri
946 889 1022 983 plus
1037 889 1119 956 fidei
1138 869 1325 959 triltueret:

191 1091 194 1100 Ι
240 1035 339 1103 quam
364 1011 399 1075 in
424 1035 497 1076 rem
522 1013 570 1076 uti
582 1008 848 1077 commodissime
868 1008 968 1074 Nonii
990 1007 1179 1074 testimonio
1201 1026 1326 1100 potue·

238 1143 297 1202 rat,
324 1148 456 1190 versum
486 1129 529 1194 15
557 1149 575 1190 e
598 1123 716 1191 Plauto
744 1125 815 1189 sine
841 1120 970 1189 sebulae
992 1123 1129 1195 nomine
1156 1121 1327 1189 efferentis

239 1263 275 1332 p.
303 1242 418 1319 92ἳώ
444 1265 519 1307 cum
540 1238 605 1306 levi
632 1238 824 1330 corruptela
854 1236 1021 1330 plumbea,
1049 1262 1147 1329 qoam
1170 1262 1232 1329 pro
1248 1237 1324 1304 vnl-

239 1370 312 1446 geto
339 1371 414 1419 ante
440 1353 599 1446 Pyladem
623 1354 751 1446 plumia
775 1355 866 1420 aPio
881 1350 1147 1419 commendatam
1172 1353 1325 1444 suscepit

239 1469 487 1560 Carpentarius.
538 1471 653 1561 Longe
676 1470 717 1535 ab
744 1468 872 1534 Osanni
897 1468 1027 1533 ratione
1051 1467 1213 1533 diversam
1237 1468 1324 1534 riam

237 1582 374 1649 Bothius
399 1584 566 1675 ingressus
593 1601 720 1650 temere
741 1586 911 1675 utriusque
934 1583 1037 1674 partis
1058 1583 1208 1648 versibus
1233 1583 1321 1646 mix-

239 1696 279 1762 tis
308 1715 342 1764 et
367 1698 511 1764 confusis
535 1697 683 1789 protulit,
711 1697 803 1791 quod
831 1698 966 1789 probari
982 1696 1075 1763 nullo
1089 1695 1190 1765 modo
1204 1698 1320 1790 possit.

228 1809 310 1878 ‘Sed
335 1836 378 1876 ne
405 1811 557 1877 Osannus
594 1810 732 1904 quidem
768 1812 843 1878 satis
870 1811 987 1877 secisse
1022 1810 1162 1877 iudicari
1187 1828 1321 1903 potest:

238 1951 302 1992 nec
328 1929 416 1992 enim
441 1945 517 2019 apto
553 1929 736 1993 sententiae
762 1924 893 1994 viuculo
930 1953 958 1995 v.
983 1924 1030 1995 ‘26
1068 1928 1170 1992 verba
1201 1925 1321 1992 eadem

240 2042 390 2108 exorabo
418 2069 445 2108 e.
469 2070 500 2135 q.
529 2068 554 2113 s.
581 2060 705 2110 coeunt
730 2068 804 2110 cum
829 2067 983 2108 versuum
1012 2043 1152 2111 19-‘21
1183 2059 1321 2109 seuten-

240 2162 292 2224 tia,
346 2161 562 2250 Quapropter
598 2183 658 2252 ogo
695 2183 735 2223 ex
768 2157 1049 2249 interpolationis
1068 2159 1223 2225 societate
1250 2159 1322 2224 exi·

225 2271 397 2357 'mendum
422 2302 451 2341 v.
469 2278 515 2343 ‘25
542 2290 656 2351 statuo,
679 2289 716 2338 ut
740 2272 805 2340 hoc
832 2272 950 2338 ordine
976 2271 1095 2365 singuli
1120 2298 1232 2339 versus
1261 2299 1323 2339 an-

241 2387 376 2479 tiquitus
402 2412 473 2453 sese
499 2390 708 2481 exceperint:
745 2389 962 2454 Decretumst
978 2420 1025 2436 -
1057 2389 1178 2478 Igitur,
1195 2392 1244 2452 mi
1272 2422 1318 2435 —

241 2503 327 2572 Tum
352 2528 426 2567 cum
450 2504 533 2568 milti
561 2537 611 2552 -·
644 2506 756 2596 Quam
779 2502 881 2569 sled
904 2538 950 2552 -
976 2499 1144 2590 Profecto
1173 2536 1224 2551 —
1252 2503 1320 2569 Ea-

241 2616 319 2682 dem
343 2617 493 2683 exorabo
520 2655 583 2684 —.
632 2622 763 2685 Etenim
790 2619 952 2710 imprimis
979 2621 1129 2711 apposita
1155 2616 1197 2683 ad
1222 2621 1321 2685 Mne-

161 2736 166 2747 ’
194 2718 200 2730 ’
243 2731 361 2799 silochi
394 2735 539 2800 animum
575 2734 837 2800 describendum
869 2736 1032 2827 repetitae
1072 2761 1103 2801 v.
1133 2736 1177 2803 18
1212 2753 1246 2801 et
1272 2738 1319 2802 25

244 2850 424 2915 sententiae
452 2849 589 2942 gravitas
617 2869 675 2915 est.
741 2852 805 2932 Qui
832 2849 923 2943 quod
950 2869 1044 2916 antea
1070 2876 1106 2916 se
1133 2849 1319 2917 decernere

244 2961 373 3033 dixerat
396 2965 614 3056 simpliciter,
653 2965 695 3032 dc
722 2966 900 3057 eo.pa‘ullo
927 2985 1005 3058 post
1026 2966 1127 3058 magis
1152 2966 1321 3058 magisque

245 3080 437 3147 confirmato
465 3081 602 3147 consilio
620 3081 722 3148 multo
751 3084 846 3147 etiam
872 3083 989 3148 lortius
1013 3086 1172 3174 profecto
1195 3084 1240 3147 ait
1251 3098 1323 3147 stat

244 3199 428 3272 sententie,
454 3220 476 3259 a
501 3219 568 3287 qua
594 3218 665 3259 non
690 3221 741 3261 me
763 3201 880 3289 patiar
902 3196 1010 3262 evelli.
1052 3195 1122 3261 lllis
1145 3215 1254 3262 autem
1272 3223 1324 3261 me

242 3313 338 3399 patri
358 3333 476 3374 aurum
502 3309 646 3375 reddere
683 3309 852 3403 (imperite
880 3312 966 3376 enim
989 3311 1123 3377 Botlrius
1151 3316 1249 3403 patri
1272 3337 1324 3375 me

245 3448 366 3493 aurum
381 3417 541 3514 reddere)
567 3445 629 3491 tarn
641 3444 718 3519 apte
730 3444 951 3493 annectuntur
972 3452 1057 3520 quae
1073 3446 1325 3520 consequuntur

245 3538 364 3604 eadem
390 3539 549 3620 exorabo,
576 3542 656 3608 nihil
681 3561 716 3607 ut
741 3541 782 3607 ad
799 3544 961 3609 sermonis
981 3543 1235 3610 concinnitatem
1260 3541 1324 3607 de-

245 3654 419 3721 sideretur.
472 3660 544 3723 Nec
572 3661 658 3722 enim
686 3684 757 3725 rara
783 3658 908 3724 locutio
933 3657 1056 3724 stabile
1075 3675 1126 3722 est
1153 3656 1245 3724 credi
1262 3683 1325 3749 po-

245 3787 310 3836 test
347 3772 600 3864 interpretando
627 3773 833 3839 decretumst
869 3799 940 3840 esse
970 3774 1135 3856 adhibita3
1167 3798 1231 3840 neo
1261 3798 1324 3864 pro

242 3912 357 3953 versus
392 3889 437 3954 ‘25
475 3889 748 3978 interpretatione
784 3890 932 3983 priorem
969 3887 1063 3954 illum
1100 3889 1143 3956 18
1176 3889 1325 3964 habebit,

246 4001 304 4092 qui
330 4001 411 4094 quid
425 4003 458 4067 iu
473 4005 536 4069 hoc
559 4030 682 4096 genere
708 4006 840 4074 criticae
863 4006 939 4070 artis
965 4004 1047 4069 ratio
1065 4002 1222 4095 postulet,
1245 4027 1326 4094 per-

246 4119 401 4207 spexerit.
453 4119 517 4200 Qui
543 4138 649 4185 autem
675 4121 795 4211 reliqui
822 4137 897 4187 suut
924 4138 990 4184 tres
1016 4143 1139 4194 versus,
1167 4141 1223 4183 eos
1246 4143 1325 4182 sane

247 4229 366 4296 deberi
392 4232 485 4299 scioli
512 4234 647 4300 alicuius
672 4235 836 4301 sedulitati
865 4234 978 4312 credo,
1005 4236 1039 4298 in
1066 4258 1216 4300 versuum
1247 4257 1327 4325 spe·

249 4347 334 4413 ciem
362 4352 587 4415 concionantis
623 4377 707 4441 quae
734 4352 1017 4443 interpretationis
1046 4374 1156 4415 caussa
1184 4348 1328 4439 ascripta

247 4458 385 4527 videret.
444 4464 540 4546 Quod
568 4465 702 4556 quidem
731 4492 802 4533 cun]
832 4466 873 4530 de
900 4493 926 4530 v.
955 4468 1012 4533 2‘2.
1041 4464 1086 4533 23
1117 4489 1172 4528 sua
1207 4482 1327 4554 sponte
1351 4531 1352 4535 ,

247 4575 464 4669 intelligatur:
499 4606 573 4645 nasu
602 4599 637 4645 ut
659 4602 781 4648 taceam
807 4584 1012 4674 ineptissime
1039 4583 1158 4648 sociata
1184 4585 1329 4670 gravior

245 4708 305 4760 aut
327 4700 543 4785 propensior,
565 4721 628 4764 nec
652 4721 808 4769 numeros
834 4698 957 4791 prioris
971 4720 1081 4765 versus
1103 4694 1238 4790 placere
1257 4695 1328 4760 cui-
