2820 5332
89 398 96 412 l

240 687 313 754 550
546 708 589 749 rx.
640 707 682 749 ns
711 703 999 749 transmissione

236 881 292 945 bri
317 883 432 945 omnin
458 882 546 944 item.
580 875 699 943 Eidem
724 902 752 940 v.
771 875 814 945 16
840 873 975 941 turbine
998 871 1140 939 debetur
1161 899 1226 967 pro
1251 892 1334 941 tnr-

238 993 355 1070 bines,
387 992 479 1086 quod
513 995 610 1059 etiam
637 994 671 1056 in
693 992 948 1057 Ambrosianum
975 990 1137 1082 irrepsit,
1173 1016 1192 1056 e
1231 994 1336 1059 cuius

236 1110 371 1178 schedis
395 1109 629 1202 superstitibus
654 1132 717 1172 una
746 1107 787 1171 ab
813 1107 875 1172 hac
900 1108 971 1198 ipsa
989 1130 1071 1173 voce
1091 1106 1217 1197 incipit
1254 1107 1336 1174 Sed

238 1225 359 1293 eodem
385 1251 482 1292 versu
506 1225 568 1289 etsi
594 1225 666 1289 sine
688 1222 877 1288 offensione
904 1239 953 1286 est
971 1245 1090 1286 narem
1113 1247 1176 1287 una
1192 1221 1335 1314 syllaba

235 1341 494 1433 pronuntiatum,
515 1364 582 1406 non
603 1355 712 1430 potest
733 1363 801 1402 uon
823 1336 1003 1428 displicere
1026 1356 1220 1404 accentuum
1245 1366 1334 1431 per-

237 1458 344 1522 versio
372 1450 655 1520 eircn'mstnbunt:
686 1472 722 1518 ut
746 1472 801 1518 eut
827 1476 947 1518 tranem
976 1447 1244 1518 circumstabant
1268 1474 1331 1521 aut

237 1566 459 1637 circumstant
481 1594 602 1637 narem
624 1587 782 1662 praestet.
836 1605 880 1615 -
931 1571 970 1634 V.
1000 1576 1043 1640 17
1071 1571 1205 1662 fluctus
1246 1572 1325 1637 sine

206 1762 209 1769 A
235 1713 351 1755 caussa
376 1688 604 1753 Hermannus:
621 1687 817 1778 fluctusque
844 1711 917 1751 cum
945 1687 1064 1750 ceteris
1078 1686 1196 1750 Ambr.
1226 1689 1328 1751 Man-

236 1829 311 1871 cum
339 1805 466 1894 aliquot
491 1801 627 1894 syllabis
655 1826 787 1866 versum
814 1800 1024 1875 llernrannos
1060 1799 1139 1864 olim
1177 1803 1210 1864 in
1241 1823 1328 1866 con-

165 1908 166 1915 *
224 1921 375 2007 fregere
400 1934 521 1983 mutato
539 1899 719 2006 frangere
745 1915 930 2007 supplevit:
965 1915 1057 2006 quod
1084 1917 1148 1979 ianr
1172 1941 1240 1981 non
1270 1935 1325 1982 tu-

234 2032 366 2098 tabitur.
403 2030 493 2098 Nihil
521 2051 586 2097 tam
612 2048 689 2122 apte
716 2031 757 2095 ab
785 2029 1013 2095 Lindemanno
1042 2055 1103 2119 per
1128 2048 1228 2096 totam
1243 2034 1328 2096 Tri-

235 2173 406 2214 nummum
444 2150 662 2240 excogitatum
700 2171 797 2242 quam
845 2164 918 2210 ante
946 2149 1126 2234 frangere
1158 2147 1326 2212 insertum

226 2267 386 2350 fremere
412 2264 559 2328 verbum.
595 2261 773 2327 Exciderat
799 2263 863 2328 hoc
889 2263 952 2325 iam
980 2263 1012 2323 in
1036 2262 1326 2327 Ambrosianu-

236 2380 278 2446 V.
308 2379 352 2446 18
384 2383 424 2442 ni
454 2395 515 2442 tun
539 2381 691 2468 propitia
719 2401 792 2467 pax
806 2381 912 2463 foret
938 2393 1078 2467 praesto
1110 2377 1242 2453 Ambe,
1283 2383 1330 2442 ni

166 2487 170 2496 ⁸
239 2509 299 2559 tun
321 2517 394 2584 pax
414 2496 565 2584 propitia
579 2497 617 2579 f.
644 2518 699 2584 pr.
724 2495 833 2558 ceteri.
878 2491 1033 2557 Deletum
1059 2494 1100 2556 ab
1126 2491 1326 2559 Hermanno

239 2625 300 2674 tua
331 2609 448 2674 abesse
484 2634 582 2699 posse
618 2635 741 2700 negans
776 2608 1022 2673 Lindemannus
1057 2611 1167 2674 omisit
1195 2612 1325 2693 soret:

238 2749 324 2816 quae
350 2726 481 2790 omissio
508 2749 631 2790 vereor
656 2750 698 2788 ne
724 2741 788 2788 tam
814 2749 932 2815 aspera
965 2724 1026 2800 sit,
1068 2741 1102 2788 ut
1128 2749 1170 2789 ne
1195 2725 1230 2788 in
1257 2725 1328 2791 boc

239 2839 376 2932 quidem
399 2838 560 2905 liberiore
588 2865 716 2930 genere
743 2840 822 2905 serri
850 2859 958 2930 queat.
993 2841 1188 2904 Pronomen
1213 2859 1326 2907 autem

201 3014 202 3017 ,
240 2955 507 3022 desideraremus
533 2980 611 3020 sane
639 2972 675 3019 ut
701 2954 792 3046 quod
820 2957 968 3033 maxime,
995 2957 1019 3018 si
1038 2954 1255 3021 construendi
1269 2981 1328 3020 ra-

240 3073 285 3138 tio
312 3072 565 3163 sententiaeque
592 3097 695 3136 nexus
724 3072 776 3135 hic
802 3088 903 3136 essct:
925 3074 1210 3158 fregissent-,
1237 3078 1328 3136 ruis-

240 3203 398 3261 sent-‚
422 3186 602 3251 ecidissent
617 3222 684 3262 -,
712 3191 780 3251 nisi
804 3204 839 3250 tn
863 3210 958 3276 opem
984 3186 1124 3250 tulisses·
1173 3190 1217 3251 At
1242 3213 1324 3254 vcro

241 3303 299 3368 tali
326 3305 494 3368 entintiato
517 3302 737 3369 condicionali
762 3303 835 3394 quis
857 3328 1000 3394 unquam
1024 3302 1105 3367 vidit
1128 3303 1327 3402 infinitivum

241 3419 435 3484 historicum
462 3417 754 3509 adhibitumi.qoi
780 3442 848 3482 non
875 3417 1031 3483 notabilis
1058 3437 1182 3483 tautum
1211 3421 1261 3496 sit,
1291 3440 1327 3486 ut

236 3532 374 3610 illesis,
401 3531 463 3598 scd
492 3536 589 3598 etiam
614 3533 840 3600 intolerabilis.
893 3536 979 3599 llinc
1006 3536 1103 3628 igitur
1122 3536 1186 3600 hoe
1213 3539 1326 3628 potins

243 3649 497 3732 constructionis
524 3675 628 3741 genus
653 3674 864 3740 consequens
892 3677 963 3716 esse
990 3653 1151 3717 arbitror:
1187 3650 1328 3743 Absque

246 3780 280 3829 te
296 3767 417 3848 foret,
454 3789 507 3829 me
538 3764 782 3829 distraxissent
808 3783 1040 3857 tempestates:
1067 3767 1183 3851 (tnnta
1209 3793 1329 3835 earnm

247 3879 478 3956 vehementia,
505 3898 574 3946 tum
601 3882 683 3946 milri
704 3886 930 3973 propinquum
956 3885 1095 3947 exitium
1122 3882 1232 3965 erat:)
1260 3891 1332 3952 nisi

247 3996 299 4062 liis
320 3996 569 4063 discriminibus
596 3997 735 4063 tondent
757 3999 841 4085 finis
867 4002 1040 4088 impositus
1065 4014 1160 4063 esset.
1220 4001 1331 4066 Vide-

247 4138 319 4178 mus
346 4116 431 4178 e'nim
456 4114 533 4193 hic,
576 4131 611 4178 ut
640 4116 770 4206 Reisigii
804 4114 913 4178 verbis
940 4131 1011 4178 utar
1038 4114 1102 4180 hoc
1128 4140 1231 4206 genus
1256 4121 1334 4183 uni-

247 4252 379 4293 versum
412 4229 509 4295 docte
545 4229 737 4294 illustrantis
772 4230 898 4295 Comm.
926 4233 996 4296 crit
1024 4233 1058 4295 in
1083 4229 1167 4294 Oe'd.
1195 4231 1270 4297 Col.
1299 4260 1334 4326 p.

249 4344 425 4436 386sqq.‚
454 4347 632 4411 verborum
659 4348 992 4438 comprehensionem
1016 4349 1146 4441 genrina
1175 4352 1332 4414 enuntia-

244 4462 337 4530 tione
371 4463 413 4525 ita
445 4461 659 4542 cumulatam,
697 4482 732 4528 ut
759 4464 915 4529 alterutra
951 4463 1116 4555 loquentis
1147 4466 1256 4529 animo
1296 4468 1332 4531 in

250 4577 412 4669 ampliore
436 4581 591 4645 orationis
617 4581 739 4644 acubitu
767 4607 872 4670 poene
897 4580 1058 4646 excidisse
1073 4580 1231 4646 viduatur.
1262 4585 1331 4650 Re-

251 4691 378 4760 dundat
403 4688 497 4784 sanel,
522 4699 547 4760 si
575 4699 721 4764 severius
750 4723 835 4788 agas,
860 4700 973 4765 iterata
1000 4699 1035 4763 in
1061 4697 1124 4762 line
1152 4697 1331 4768 condicio-
