<?xml version="1.0" encoding="UTF-8"?>
<!DOCTYPE html PUBLIC "-//W3C//DTD XHTML 1.0 Transitional//EN"
    "http://www.w3.org/TR/xhtml1/DTD/xhtml1-transitional.dtd">
<html xmlns="http://www.w3.org/1999/xhtml" xml:lang="en" lang="en">
 <head>
  <title>
</title>
<meta http-equiv="Content-Type" content="text/html;charset=utf-8" />
  <meta name='ocr-system' content='tesseract 3.04.00' />
  <meta name='ocr-capabilities' content='ocr_page ocr_carea ocr_par ocr_line ocrx_word'/>
</head>
<body>
  <div class='ocr_page' id='page_1' title='image "./parergonplautin01ritsgoog_0089.png"; bbox 0 0 2820 5332; ppageno 0'>
   <div class='ocr_carea' id='block_1_1' title="bbox 222 737 973 811">
    <p class='ocr_par' dir='ltr' id='par_1_1' title="bbox 222 737 973 811">
     <span class='ocr_line' id='line_1_1' title="bbox 222 737 973 811; baseline -0.001 -11"><span class='ocrx_word' id='word_1_1' title='bbox 222 737 269 811; x_wconf 83' lang='grc'><strong>50</strong></span> <span class='ocrx_word' id='word_1_2' title='bbox 557 758 593 802; x_wconf 87' lang='lat' dir='ltr'><strong>u.</strong></span> <span class='ocrx_word' id='word_1_3' title='bbox 618 757 659 799; x_wconf 82' lang='lat' dir='ltr'><strong>nr</strong></span> <span class='ocrx_word' id='word_1_4' title='bbox 688 757 815 802; x_wconf 76' lang='lat' dir='ltr'><strong>iurare</strong></span> <span class='ocrx_word' id='word_1_5' title='bbox 840 757 973 803; x_wconf 73' lang='lat' dir='ltr'><strong>resurr.</strong></span> 
     </span>
    </p>
   </div>
   <div class='ocr_carea' id='block_1_2' title="bbox 119 927 1312 1932">
    <p class='ocr_par' dir='ltr' id='par_1_2' title="bbox 216 927 1311 1705">
     <span class='ocr_line' id='line_1_2' title="bbox 221 927 1307 1021; baseline 0 -25"><span class='ocrx_word' id='word_1_6' title='bbox 221 957 239 996; x_wconf 89' lang='lat' dir='ltr'><strong>e</strong></span> <span class='ocrx_word' id='word_1_7' title='bbox 275 929 397 1021; x_wconf 88' lang='lat' dir='ltr'><strong>quibus</strong></span> <span class='ocrx_word' id='word_1_8' title='bbox 431 928 616 994; x_wconf 86' lang='lat' dir='ltr'><strong>rationibus</strong></span> <span class='ocrx_word' id='word_1_9' title='bbox 650 927 738 994; x_wconf 82' lang='lat' dir='ltr'><strong>inter</strong></span> <span class='ocrx_word' id='word_1_10' title='bbox 774 954 809 996; x_wconf 85' lang='lat' dir='ltr'><strong>se</strong></span> <span class='ocrx_word' id='word_1_11' title='bbox 845 930 1031 996; x_wconf 88' lang='lat' dir='ltr'><strong>coniunctis</strong></span> <span class='ocrx_word' id='word_1_12' title='bbox 1065 931 1307 996; x_wconf 73' lang='lat' dir='ltr'><strong>consectarium</strong></span> 
     </span>
     <span class='ocr_line' id='line_1_3' title="bbox 216 1041 1309 1137; baseline 0.002 -29"><span class='ocrx_word' id='word_1_13' title='bbox 216 1044 283 1110; x_wconf 90' lang='lat' dir='ltr'><strong>hoc</strong></span> <span class='ocrx_word' id='word_1_14' title='bbox 310 1061 374 1122; x_wconf 88' lang='lat' dir='ltr'><strong>est,</strong></span> <span class='ocrx_word' id='word_1_15' title='bbox 405 1060 457 1121; x_wconf 88' lang='lat' dir='ltr'><strong>ut,</strong></span> <span class='ocrx_word' id='word_1_16' title='bbox 494 1043 622 1110; x_wconf 86' lang='lat' dir='ltr'><strong>etiamsi</strong></span> <span class='ocrx_word' id='word_1_17' title='bbox 657 1041 700 1108; x_wconf 91' lang='lat' dir='ltr'><strong>ad</strong></span> <span class='ocrx_word' id='word_1_18' title='bbox 729 1044 878 1111; x_wconf 84' lang='lat' dir='ltr'><strong>militiam</strong></span> <span class='ocrx_word' id='word_1_19' title='bbox 903 1042 1084 1137; x_wconf 80' lang='lat' dir='ltr'><strong>admodum</strong></span> <span class='ocrx_word' id='word_1_20' title='bbox 1110 1045 1309 1113; x_wconf 79' lang='lat' dir='ltr'><strong>adulescens</strong></span> 
     </span>
     <span class='ocr_line' id='line_1_4' title="bbox 217 1155 1310 1229; baseline -0.002 -3"><span class='ocrx_word' id='word_1_21' title='bbox 217 1159 394 1226; x_wconf 84' lang='lat' dir='ltr'><strong>occesserit</strong></span> <span class='ocrx_word' id='word_1_22' title='bbox 426 1183 490 1224; x_wconf 88' lang='lat' dir='ltr'><strong>uec</strong></span> <span class='ocrx_word' id='word_1_23' title='bbox 525 1159 589 1223; x_wconf 91' lang='lat' dir='ltr'><strong>nisi</strong></span> <span class='ocrx_word' id='word_1_24' title='bbox 619 1155 742 1225; x_wconf 77' lang='lat' dir='ltr'><strong>ultimis</strong></span> <span class='ocrx_word' id='word_1_25' title='bbox 772 1157 909 1226; x_wconf 86' lang='lat' dir='ltr'><strong>demum</strong></span> <span class='ocrx_word' id='word_1_26' title='bbox 944 1157 1063 1227; x_wconf 87' lang='lat' dir='ltr'><strong>Punici</strong></span> <span class='ocrx_word' id='word_1_27' title='bbox 1096 1158 1181 1229; x_wconf 87' lang='lat' dir='ltr'><strong>belli</strong></span> <span class='ocrx_word' id='word_1_28' title='bbox 1215 1161 1310 1227; x_wconf 84' lang='lat' dir='ltr'><strong>annis</strong></span> 
     </span>
     <span class='ocr_line' id='line_1_5' title="bbox 218 1272 1311 1368; baseline 0.006 -30"><span class='ocrx_word' id='word_1_29' title='bbox 218 1274 385 1365; x_wconf 88' lang='lat' dir='ltr'><strong>stipendia</strong></span> <span class='ocrx_word' id='word_1_30' title='bbox 411 1272 538 1351; x_wconf 82' lang='lat' dir='ltr'><strong>fecerit,</strong></span> <span class='ocrx_word' id='word_1_31' title='bbox 565 1292 674 1339; x_wconf 85' lang='lat' dir='ltr'><strong>tamen</strong></span> <span class='ocrx_word' id='word_1_32' title='bbox 700 1272 793 1341; x_wconf 90' lang='lat' dir='ltr'><strong>nullo</strong></span> <span class='ocrx_word' id='word_1_33' title='bbox 819 1273 921 1341; x_wconf 90' lang='lat' dir='ltr'><strong>modo</strong></span> <span class='ocrx_word' id='word_1_34' title='bbox 947 1272 1056 1366; x_wconf 87' lang='lat' dir='ltr'><strong>possit</strong></span> <span class='ocrx_word' id='word_1_35' title='bbox 1080 1294 1159 1368; x_wconf 85' lang='lat' dir='ltr'><strong>post</strong></span> <span class='ocrx_word' id='word_1_36' title='bbox 1183 1302 1210 1341; x_wconf 85' lang='lat' dir='ltr'><strong>a.</strong></span> <span class='ocrx_word' id='word_1_37' title='bbox 1237 1274 1311 1345; x_wconf 78' lang='grc'><strong>490</strong></span> 
     </span>
     <span class='ocr_line' id='line_1_6' title="bbox 218 1387 1309 1481; baseline 0.004 -28"><span class='ocrx_word' id='word_1_38' title='bbox 218 1407 312 1454; x_wconf 79' lang='lat' dir='ltr'><strong>uanis</strong></span> <span class='ocrx_word' id='word_1_39' title='bbox 344 1388 482 1466; x_wconf 85' lang='lat' dir='ltr'><strong>haberi,</strong></span> <span class='ocrx_word' id='word_1_40' title='bbox 521 1387 624 1454; x_wconf 82' lang='lat' dir='ltr'><strong>inulto</strong></span> <span class='ocrx_word' id='word_1_41' title='bbox 660 1389 758 1454; x_wconf 89' lang='lat' dir='ltr'><strong>etiam</strong></span> <span class='ocrx_word' id='word_1_42' title='bbox 793 1389 1001 1481; x_wconf 79' lang='lat' dir='ltr'><strong>probabilius</strong></span> <span class='ocrx_word' id='word_1_43' title='bbox 1026 1390 1069 1456; x_wconf 85' lang='lat' dir='ltr'><strong>ud</strong></span> <span class='ocrx_word' id='word_1_44' title='bbox 1092 1415 1215 1458; x_wconf 82' lang='lat' dir='ltr'><strong>annum</strong></span> <span class='ocrx_word' id='word_1_45' title='bbox 1237 1392 1309 1457; x_wconf 82' lang='lat' dir='ltr'><strong>fere</strong></span> 
     </span>
     <span class='ocr_line' id='line_1_7' title="bbox 217 1499 1310 1598; baseline 0 -27"><span class='ocrx_word' id='word_1_46' title='bbox 217 1499 289 1571; x_wconf 68' lang='lat'><strong>480</strong></span> <span class='ocrx_word' id='word_1_47' title='bbox 327 1500 568 1585; x_wconf 76' lang='lat' dir='ltr'><strong>1·eiieiatur*),</strong></span> <span class='ocrx_word' id='word_1_48' title='bbox 605 1527 668 1568; x_wconf 88' lang='lat' dir='ltr'><strong>nee</strong></span> <span class='ocrx_word' id='word_1_49' title='bbox 700 1502 803 1570; x_wconf 86' lang='lat' dir='ltr'><strong>multo</strong></span> <span class='ocrx_word' id='word_1_50' title='bbox 841 1505 952 1570; x_wconf 86' lang='lat' dir='ltr'><strong>minor</strong></span> <span class='ocrx_word' id='word_1_51' title='bbox 991 1523 1070 1572; x_wconf 87' lang='lat' dir='ltr'><strong>natu</strong></span> <span class='ocrx_word' id='word_1_52' title='bbox 1096 1530 1195 1598; x_wconf 88' lang='lat' dir='ltr'><strong>quam</strong></span> <span class='ocrx_word' id='word_1_53' title='bbox 1235 1507 1310 1596; x_wconf 88' lang='lat' dir='ltr'><strong>ipse</strong></span> 
     </span>
     <span class='ocr_line' id='line_1_8' title="bbox 216 1615 1308 1705; baseline 0.003 -23"><span class='ocrx_word' id='word_1_54' title='bbox 216 1619 328 1683; x_wconf 84' lang='lat' dir='ltr'><strong>Livius</strong></span> <span class='ocrx_word' id='word_1_55' title='bbox 373 1616 416 1702; x_wconf 86' lang='lat' dir='ltr'><strong>(a.</strong></span> <span class='ocrx_word' id='word_1_56' title='bbox 449 1621 517 1686; x_wconf 70' lang='lat'><strong>481</strong></span> <span class='ocrx_word' id='word_1_57' title='bbox 559 1615 710 1687; x_wconf 84' lang='lat' dir='ltr'><strong>Tarento</strong></span> <span class='ocrx_word' id='word_1_58' title='bbox 748 1620 886 1687; x_wconf 84' lang='lat' dir='ltr'><strong>Romam</strong></span> <span class='ocrx_word' id='word_1_59' title='bbox 926 1617 1102 1705; x_wconf 82' lang='lat' dir='ltr'><strong>advectus)</strong></span> <span class='ocrx_word' id='word_1_60' title='bbox 1140 1621 1308 1700; x_wconf 83' lang='lat' dir='ltr'><strong>credatur,</strong></span> 
     </span>
    </p>

    <p class='ocr_par' dir='ltr' id='par_1_3' title="bbox 119 1731 1312 1932">
     <span class='ocr_line' id='line_1_9' title="bbox 218 1731 1312 1826; baseline 0.002 -27"><span class='ocrx_word' id='word_1_61' title='bbox 218 1759 320 1824; x_wconf 88' lang='lat' dir='ltr'><strong>quern</strong></span> <span class='ocrx_word' id='word_1_62' title='bbox 358 1757 427 1799; x_wconf 89' lang='lat' dir='ltr'><strong>non</strong></span> <span class='ocrx_word' id='word_1_63' title='bbox 465 1751 540 1800; x_wconf 89' lang='lat' dir='ltr'><strong>ante</strong></span> <span class='ocrx_word' id='word_1_64' title='bbox 574 1759 602 1801; x_wconf 87' lang='lat' dir='ltr'><strong>a.</strong></span> <span class='ocrx_word' id='word_1_65' title='bbox 638 1731 709 1806; x_wconf 71' lang='grc'><strong>545</strong></span> <span class='ocrx_word' id='word_1_66' title='bbox 750 1732 834 1826; x_wconf 88' lang='lat' dir='ltr'><strong>(quo</strong></span> <span class='ocrx_word' id='word_1_67' title='bbox 875 1759 947 1800; x_wconf 80' lang='lat' dir='ltr'><strong>xxvi</strong></span> <span class='ocrx_word' id='word_1_68' title='bbox 990 1759 1153 1802; x_wconf 85' lang='lat' dir='ltr'><strong>annorum</strong></span> <span class='ocrx_word' id='word_1_69' title='bbox 1191 1734 1312 1801; x_wconf 55' lang='lat' dir='ltr'><strong>adata</strong></span> 
     </span>
     <span class='ocr_line' id='line_1_10' title="bbox 119 1820 1310 1932; baseline 0.006 -24"><span class='ocrx_word' id='word_1_70' title='bbox 119 1820 125 1832; x_wconf 43' lang='lat'><strong><em>¹</em></strong></span> <span class='ocrx_word' id='word_1_71' title='bbox 216 1869 316 1912; x_wconf 82' lang='lat' dir='ltr'><strong>scens</strong></span> <span class='ocrx_word' id='word_1_72' title='bbox 347 1848 428 1914; x_wconf 87' lang='lat' dir='ltr'><strong>Cato</strong></span> <span class='ocrx_word' id='word_1_73' title='bbox 469 1845 545 1932; x_wconf 82' lang='lat' dir='ltr'><strong>fuit)</strong></span> <span class='ocrx_word' id='word_1_74' title='bbox 579 1871 697 1914; x_wconf 85' lang='lat' dir='ltr'><strong>senem</strong></span> <span class='ocrx_word' id='word_1_75' title='bbox 732 1849 842 1916; x_wconf 86' lang='lat' dir='ltr'><strong>obisse</strong></span> <span class='ocrx_word' id='word_1_76' title='bbox 877 1867 973 1918; x_wconf 88' lang='lat' dir='ltr'><strong>recte</strong></span> <span class='ocrx_word' id='word_1_77' title='bbox 1013 1849 1145 1917; x_wconf 85' lang='lat' dir='ltr'><strong>videtur</strong></span> <span class='ocrx_word' id='word_1_78' title='bbox 1182 1874 1201 1918; x_wconf 88' lang='lat' dir='ltr'><strong>e</strong></span> <span class='ocrx_word' id='word_1_79' title='bbox 1238 1852 1310 1923; x_wconf 82' lang='lat' dir='ltr'><strong>Lir.</strong></span> 
     </span>
    </p>
   </div>
   <div class='ocr_carea' id='block_1_3' title="bbox 130 1961 1312 2156">
    <p class='ocr_par' dir='ltr' id='par_1_4' title="bbox 130 1961 1312 2156">
     <span class='ocr_line' id='line_1_11' title="bbox 216 1961 1310 2041; baseline 0.005 -16"><span class='ocrx_word' id='word_1_80' title='bbox 216 1961 366 2041; x_wconf 86' lang='lat' dir='ltr'>XXVII,</span> <span class='ocrx_word' id='word_1_81' title='bbox 399 1965 444 2032; x_wconf 84' lang='lat'><strong>37</strong></span> <span class='ocrx_word' id='word_1_82' title='bbox 488 1979 521 2028; x_wconf 89' lang='lat' dir='ltr'><strong>et</strong></span> <span class='ocrx_word' id='word_1_83' title='bbox 551 1963 621 2030; x_wconf 83' lang='lat' dir='ltr'><strong>Cic.</strong></span> <span class='ocrx_word' id='word_1_84' title='bbox 654 1964 726 2033; x_wconf 75' lang='lat' dir='ltr'><strong>Cat</strong></span> <span class='ocrx_word' id='word_1_85' title='bbox 756 1966 830 2030; x_wconf 85' lang='lat' dir='ltr'><strong>mai.</strong></span> <span class='ocrx_word' id='word_1_86' title='bbox 857 1962 878 2029; x_wconf 86' lang='lat' dir='ltr'><strong>l.</strong></span> <span class='ocrx_word' id='word_1_87' title='bbox 906 1989 933 2032; x_wconf 85' lang='lat' dir='ltr'><strong>c.</strong></span> <span class='ocrx_word' id='word_1_88' title='bbox 962 1967 1092 2036; x_wconf 88' lang='lat' dir='ltr'><strong>oouiiei.</strong></span> <span class='ocrx_word' id='word_1_89' title='bbox 1143 1961 1190 2032; x_wconf 84' lang='lat' dir='ltr'><strong>ltt</strong></span> <span class='ocrx_word' id='word_1_90' title='bbox 1218 1967 1310 2032; x_wconf 91' lang='lat' dir='ltr'><strong>enim</strong></span> 
     </span>
     <span class='ocr_line' id='line_1_12' title="bbox 130 2060 1312 2156; baseline 0.004 -32"><span class='ocrx_word' id='word_1_91' title='bbox 130 2097 137 2107; x_wconf 88' lang='lat'><em>-</em></span> <span class='ocrx_word' id='word_1_92' title='bbox 217 2060 287 2125; x_wconf 85' lang='lat' dir='ltr'><strong>sere</strong></span> <span class='ocrx_word' id='word_1_93' title='bbox 327 2062 598 2153; x_wconf 80' lang='lat' dir='ltr'><strong>septuagenarius</strong></span> <span class='ocrx_word' id='word_1_94' title='bbox 634 2062 779 2130; x_wconf 79' lang='lat' dir='ltr'><strong>Naevius</strong></span> <span class='ocrx_word' id='word_1_95' title='bbox 810 2080 960 2131; x_wconf 84' lang='lat' dir='ltr'><strong>mortuus</strong></span> <span class='ocrx_word' id='word_1_96' title='bbox 1002 2067 1044 2130; x_wconf 88' lang='lat' dir='ltr'><strong>sit</strong></span> <span class='ocrx_word' id='word_1_97' title='bbox 1081 2065 1232 2156; x_wconf 86' lang='lat' dir='ltr'><strong>Cethego</strong></span> <span class='ocrx_word' id='word_1_98' title='bbox 1276 2081 1312 2131; x_wconf 88' lang='lat' dir='ltr'><strong>et</strong></span> 
     </span>
    </p>
   </div>
   <div class='ocr_carea' id='block_1_4' title="bbox 215 2172 1311 2957">
    <p class='ocr_par' dir='ltr' id='par_1_5' title="bbox 215 2172 1311 2957">
     <span class='ocr_line' id='line_1_13' title="bbox 215 2172 1311 2259; baseline 0.005 -20"><span class='ocrx_word' id='word_1_99' title='bbox 215 2172 386 2245; x_wconf 79' lang='lat' dir='ltr'><strong>Tuditano</strong></span> <span class='ocrx_word' id='word_1_100' title='bbox 429 2175 620 2242; x_wconf 88' lang='lat' dir='ltr'><strong>consulibus</strong></span> <span class='ocrx_word' id='word_1_101' title='bbox 662 2177 694 2259; x_wconf 65' lang='lat' dir='ltr'><strong>h,</strong></span> <span class='ocrx_word' id='word_1_102' title='bbox 737 2202 766 2248; x_wconf 84' lang='lat' dir='ltr'><strong>e.</strong></span> <span class='ocrx_word' id='word_1_103' title='bbox 809 2203 896 2245; x_wconf 89' lang='lat' dir='ltr'><strong>anno</strong></span> <span class='ocrx_word' id='word_1_104' title='bbox 937 2175 1029 2259; x_wconf 72' lang='lat'><strong>549,</strong></span> <span class='ocrx_word' id='word_1_105' title='bbox 1072 2180 1100 2245; x_wconf 88' lang='lat' dir='ltr'><strong>si</strong></span> <span class='ocrx_word' id='word_1_106' title='bbox 1140 2179 1311 2246; x_wconf 79' lang='lat' dir='ltr'><strong>veteribus</strong></span> 
     </span>
     <span class='ocr_line' id='line_1_14' title="bbox 219 2288 1309 2372; baseline 0.004 -20"><span class='ocrx_word' id='word_1_107' title='bbox 219 2289 465 2354; x_wconf 85' lang='lat' dir='ltr'><strong>commentariis</strong></span> <span class='ocrx_word' id='word_1_108' title='bbox 492 2288 661 2356; x_wconf 87' lang='lat' dir='ltr'><strong>eredimus</strong></span> <span class='ocrx_word' id='word_1_109' title='bbox 679 2292 771 2357; x_wconf 88' lang='lat' dir='ltr'><strong>Bruti</strong></span> <span class='ocrx_word' id='word_1_110' title='bbox 799 2293 914 2372; x_wconf 71' lang='lat' dir='ltr'><strong>exv,</strong></span> <span class='ocrx_word' id='word_1_111' title='bbox 940 2291 988 2362; x_wconf 85' lang='lat'><strong>60</strong></span> <span class='ocrx_word' id='word_1_112' title='bbox 1012 2293 1223 2360; x_wconf 78' lang='lat' dir='ltr'><strong>memoretis:</strong></span> <span class='ocrx_word' id='word_1_113' title='bbox 1238 2293 1309 2357; x_wconf 75' lang='lat' dir='ltr'><strong>‘ubi</strong></span> 
     </span>
     <span class='ocr_line' id='line_1_15' title="bbox 218 2404 1309 2499; baseline 0.003 -31"><span class='ocrx_word' id='word_1_114' title='bbox 218 2427 295 2468; x_wconf 86' lang='lat' dir='ltr'><strong>cum</strong></span> <span class='ocrx_word' id='word_1_115' title='bbox 321 2429 340 2468; x_wconf 82' lang='lat' dir='ltr'><strong>a</strong></span> <span class='ocrx_word' id='word_1_116' title='bbox 362 2404 515 2471; x_wconf 86' lang='lat' dir='ltr'><strong>Varrone</strong></span> <span class='ocrx_word' id='word_1_117' title='bbox 538 2405 654 2473; x_wconf 79' lang='lat' dir='ltr'><strong>Naeuii</strong></span> <span class='ocrx_word' id='word_1_118' title='bbox 688 2405 753 2472; x_wconf 84' lang='lat' dir='ltr'><strong>rita</strong></span> <span class='ocrx_word' id='word_1_119' title='bbox 774 2405 907 2498; x_wconf 78' lang='lat' dir='ltr'><strong>lougius</strong></span> <span class='ocrx_word' id='word_1_120' title='bbox 935 2431 1006 2475; x_wconf 87' lang='lat' dir='ltr'><strong>esse</strong></span> <span class='ocrx_word' id='word_1_121' title='bbox 1031 2405 1198 2499; x_wconf 79' lang='lat' dir='ltr'><strong>producta</strong></span> <span class='ocrx_word' id='word_1_122' title='bbox 1223 2404 1309 2472; x_wconf 93' lang='lat' dir='ltr'><strong>dici-</strong></span> 
     </span>
     <span class='ocr_line' id='line_1_16' title="bbox 218 2519 1310 2614; baseline 0.005 -33"><span class='ocrx_word' id='word_1_123' title='bbox 218 2534 281 2597; x_wconf 85' lang='lat' dir='ltr'><strong>tur,</strong></span> <span class='ocrx_word' id='word_1_124' title='bbox 307 2519 421 2586; x_wconf 86' lang='lat' dir='ltr'><strong>nescio</strong></span> <span class='ocrx_word' id='word_1_125' title='bbox 448 2544 489 2584; x_wconf 85' lang='lat' dir='ltr'><strong>au</strong></span> <span class='ocrx_word' id='word_1_126' title='bbox 515 2543 585 2586; x_wconf 90' lang='lat' dir='ltr'><strong>nou</strong></span> <span class='ocrx_word' id='word_1_127' title='bbox 610 2522 750 2587; x_wconf 86' lang='lat' dir='ltr'><strong>nimium</strong></span> <span class='ocrx_word' id='word_1_128' title='bbox 776 2521 874 2612; x_wconf 81' lang='lat' dir='ltr'><strong>louge</strong></span> <span class='ocrx_word' id='word_1_129' title='bbox 900 2524 1008 2590; x_wconf 79' lang='lat' dir='ltr'><strong>Varro</strong></span> <span class='ocrx_word' id='word_1_130' title='bbox 1034 2521 1238 2614; x_wconf 86' lang='lat' dir='ltr'><strong>produxerit</strong></span> <span class='ocrx_word' id='word_1_131' title='bbox 1261 2539 1310 2587; x_wconf 88' lang='lat' dir='ltr'><strong>at-</strong></span> 
     </span>
     <span class='ocr_line' id='line_1_17' title="bbox 217 2634 1310 2728; baseline 0.004 -29"><span class='ocrx_word' id='word_1_132' title='bbox 217 2658 283 2724; x_wconf 88' lang='lat' dir='ltr'><strong>quc</strong></span> <span class='ocrx_word' id='word_1_133' title='bbox 309 2635 344 2697; x_wconf 86' lang='lat' dir='ltr'><strong>in</strong></span> <span class='ocrx_word' id='word_1_134' title='bbox 369 2635 454 2700; x_wconf 79' lang='lat' dir='ltr'><strong>lianc</strong></span> <span class='ocrx_word' id='word_1_135' title='bbox 480 2636 587 2725; x_wconf 88' lang='lat' dir='ltr'><strong>ipsam</strong></span> <span class='ocrx_word' id='word_1_136' title='bbox 611 2652 743 2727; x_wconf 83' lang='lat' dir='ltr'><strong>partein</strong></span> <span class='ocrx_word' id='word_1_137' title='bbox 771 2634 876 2703; x_wconf 81' lang='lat' dir='ltr'><strong>valeat</strong></span> <span class='ocrx_word' id='word_1_138' title='bbox 898 2638 1095 2728; x_wconf 79' lang='lat' dir='ltr'><strong>Hieronymi</strong></span> <span class='ocrx_word' id='word_1_139' title='bbox 1121 2635 1165 2702; x_wconf 84' lang='lat' dir='ltr'><strong>ad</strong></span> <span class='ocrx_word' id='word_1_140' title='bbox 1184 2634 1310 2727; x_wconf 85' lang='lat' dir='ltr'><strong>olymp.</strong></span> 
     </span>
     <span class='ocr_line' id='line_1_18' title="bbox 219 2733 1310 2840; baseline 0.001 -27"><span class='ocrx_word' id='word_1_141' title='bbox 219 2733 323 2826; x_wconf 71' lang='lat' dir='ltr'><strong>cuttu,</strong></span> <span class='ocrx_word' id='word_1_142' title='bbox 352 2751 375 2815; x_wconf 72' lang='lat'><strong>2</strong></span> <span class='ocrx_word' id='word_1_143' title='bbox 400 2751 538 2830; x_wconf 83' lang='lat' dir='ltr'><strong>notatio,</strong></span> <span class='ocrx_word' id='word_1_144' title='bbox 565 2775 630 2840; x_wconf 85' lang='lat' dir='ltr'><strong>qua</strong></span> <span class='ocrx_word' id='word_1_145' title='bbox 656 2774 742 2816; x_wconf 79' lang='lat' dir='ltr'><strong>antro</strong></span> <span class='ocrx_word' id='word_1_146' title='bbox 766 2751 839 2821; x_wconf 72' lang='lat'><strong>550</strong></span> <span class='ocrx_word' id='word_1_147' title='bbox 873 2751 922 2818; x_wconf 85' lang='lat' dir='ltr'><strong>vel</strong></span> <span class='ocrx_word' id='word_1_148' title='bbox 959 2754 1028 2819; x_wconf 82' lang='lat'><strong>551</strong></span> <span class='ocrx_word' id='word_1_149' title='bbox 1056 2753 1099 2819; x_wconf 87' lang='lat' dir='ltr'><strong>V.</strong></span> <span class='ocrx_word' id='word_1_150' title='bbox 1123 2752 1165 2818; x_wconf 85' lang='lat' dir='ltr'><strong>C.</strong></span> <span class='ocrx_word' id='word_1_151' title='bbox 1192 2751 1310 2817; x_wconf 69' lang='lat' dir='ltr'><strong>Naevii</strong></span> 
     </span>
     <span class='ocr_line' id='line_1_19' title="bbox 215 2861 1309 2957; baseline 0.004 -31"><span class='ocrx_word' id='word_1_152' title='bbox 215 2885 305 2927; x_wconf 89' lang='lat' dir='ltr'><strong>mors</strong></span> <span class='ocrx_word' id='word_1_153' title='bbox 332 2863 502 2928; x_wconf 85' lang='lat' dir='ltr'><strong>tribuitur:</strong></span> <span class='ocrx_word' id='word_1_154' title='bbox 530 2888 628 2954; x_wconf 85' lang='lat' dir='ltr'><strong>quam</strong></span> <span class='ocrx_word' id='word_1_155' title='bbox 656 2863 752 2930; x_wconf 89' lang='lat' dir='ltr'><strong>video</strong></span> <span class='ocrx_word' id='word_1_156' title='bbox 781 2867 876 2929; x_wconf 86' lang='lat' dir='ltr'><strong>etiarn</strong></span> <span class='ocrx_word' id='word_1_157' title='bbox 888 2861 1051 2957; x_wconf 75' lang='lat' dir='ltr'><strong>scaligeri</strong></span> <span class='ocrx_word' id='word_1_158' title='bbox 1078 2867 1309 2932; x_wconf 90' lang='lat' dir='ltr'><strong>coniecturam</strong></span> 
     </span>
    </p>
   </div>
   <div class='ocr_carea' id='block_1_5' title="bbox 219 2974 1311 3073">
    <p class='ocr_par' dir='ltr' id='par_1_6' title="bbox 219 2974 1311 3073">
     <span class='ocr_line' id='line_1_20' title="bbox 219 2974 1311 3073; baseline 0.007 -33"><span class='ocrx_word' id='word_1_159' title='bbox 219 2974 355 3060; x_wconf 74' lang='lat' dir='ltr'><strong>esse**).</strong></span> <span class='ocrx_word' id='word_1_160' title='bbox 381 2975 452 3046; x_wconf 91' lang='lat' dir='ltr'><strong>Nec</strong></span> <span class='ocrx_word' id='word_1_161' title='bbox 477 2977 546 3043; x_wconf 81' lang='lat' dir='ltr'><strong>falli</strong></span> <span class='ocrx_word' id='word_1_162' title='bbox 573 3003 673 3070; x_wconf 87' lang='lat' dir='ltr'><strong>posse</strong></span> <span class='ocrx_word' id='word_1_163' title='bbox 701 2979 869 3060; x_wconf 84' lang='lat' dir='ltr'><strong>videmur,</strong></span> <span class='ocrx_word' id='word_1_164' title='bbox 897 3004 970 3048; x_wconf 91' lang='lat' dir='ltr'><strong>cum</strong></span> <span class='ocrx_word' id='word_1_165' title='bbox 994 3005 1063 3047; x_wconf 92' lang='lat' dir='ltr'><strong>nou</strong></span> <span class='ocrx_word' id='word_1_166' title='bbox 1089 2997 1167 3073; x_wconf 91' lang='lat' dir='ltr'><strong>post</strong></span> <span class='ocrx_word' id='word_1_167' title='bbox 1181 3005 1209 3050; x_wconf 87' lang='lat' dir='ltr'><strong>a.</strong></span> <span class='ocrx_word' id='word_1_168' title='bbox 1227 2976 1311 3058; x_wconf 77' lang='grc'>470,</span> 
     </span>
    </p>
   </div>
   <div class='ocr_carea' id='block_1_6' title="bbox 228 3136 1315 4776">
    <p class='ocr_par' dir='ltr' id='par_1_7' title="bbox 228 3136 1315 4776">
     <span class='ocr_line' id='line_1_21' title="bbox 323 3136 1309 3208; baseline -0.005 -16"><span class='ocrx_word' id='word_1_169' title='bbox 323 3144 349 3192; x_wconf 89' lang='lat' dir='ltr'><strong>in</strong></span> <span class='ocrx_word' id='word_1_170' title='bbox 370 3150 506 3193; x_wconf 73' lang='lat' dir='ltr'><strong>senectute</strong></span> <span class='ocrx_word' id='word_1_171' title='bbox 525 3141 645 3206; x_wconf 80' lang='lat' dir='ltr'><strong>delectati</strong></span> <span class='ocrx_word' id='word_1_172' title='bbox 666 3157 741 3192; x_wconf 80' lang='lat' dir='ltr'><strong>csse:</strong></span> <span class='ocrx_word' id='word_1_173' title='bbox 768 3156 835 3208; x_wconf 87' lang='lat' dir='ltr'><strong>quse</strong></span> <span class='ocrx_word' id='word_1_174' title='bbox 859 3155 934 3208; x_wconf 86' lang='lat' dir='ltr'><strong>quarn</strong></span> <span class='ocrx_word' id='word_1_175' title='bbox 962 3138 1037 3191; x_wconf 83' lang='lat' dir='ltr'><strong>exilis</strong></span> <span class='ocrx_word' id='word_1_176' title='bbox 1058 3138 1196 3190; x_wconf 83' lang='lat' dir='ltr'><strong>delectatio</strong></span> <span class='ocrx_word' id='word_1_177' title='bbox 1214 3136 1309 3188; x_wconf 87' lang='lat' dir='ltr'><strong>luerit!</strong></span> 
     </span>
     <span class='ocr_line' id='line_1_22' title="bbox 323 3225 1312 3297; baseline -0.006 -17"><span class='ocrx_word' id='word_1_178' title='bbox 323 3243 398 3297; x_wconf 79' lang='lat' dir='ltr'><strong>quani</strong></span> <span class='ocrx_word' id='word_1_179' title='bbox 420 3230 533 3281; x_wconf 83' lang='lat' dir='ltr'><strong>oninium</strong></span> <span class='ocrx_word' id='word_1_180' title='bbox 547 3229 706 3280; x_wconf 86' lang='lat' dir='ltr'><strong>eommunis!</strong></span> <span class='ocrx_word' id='word_1_181' title='bbox 737 3244 812 3295; x_wconf 87' lang='lat' dir='ltr'><strong>quum</strong></span> <span class='ocrx_word' id='word_1_182' title='bbox 830 3228 961 3279; x_wconf 87' lang='lat' dir='ltr'><strong>dissimilis</strong></span> <span class='ocrx_word' id='word_1_183' title='bbox 979 3228 1035 3278; x_wconf 88' lang='lat' dir='ltr'><strong>eius</strong></span> <span class='ocrx_word' id='word_1_184' title='bbox 1058 3225 1217 3292; x_wconf 74' lang='lat' dir='ltr'><strong>voluptatis,</strong></span> <span class='ocrx_word' id='word_1_185' title='bbox 1245 3238 1312 3290; x_wconf 85' lang='lat' dir='ltr'><strong>quas</strong></span> 
     </span>
     <span class='ocr_line' id='line_1_23' title="bbox 321 3307 1311 3379; baseline -0.006 -14"><span class='ocrx_word' id='word_1_186' title='bbox 321 3316 347 3365; x_wconf 90' lang='lat' dir='ltr'><strong>iu</strong></span> <span class='ocrx_word' id='word_1_187' title='bbox 367 3313 396 3369; x_wconf 82' lang='lat' dir='ltr'><strong>G.</strong></span> <span class='ocrx_word' id='word_1_188' title='bbox 415 3313 497 3378; x_wconf 85' lang='lat' dir='ltr'><strong>Gallo,</strong></span> <span class='ocrx_word' id='word_1_189' title='bbox 514 3313 557 3364; x_wconf 84' lang='lat' dir='ltr'><strong>vel</strong></span> <span class='ocrx_word' id='word_1_190' title='bbox 574 3315 630 3364; x_wconf 88' lang='lat' dir='ltr'><strong>eius</strong></span> <span class='ocrx_word' id='word_1_191' title='bbox 652 3316 852 3376; x_wconf 80' lang='lat' dir='ltr'><strong>exercitationis,</strong></span> <span class='ocrx_word' id='word_1_192' title='bbox 873 3328 940 3379; x_wconf 84' lang='lat' dir='ltr'><strong>quse</strong></span> <span class='ocrx_word' id='word_1_193' title='bbox 959 3312 984 3364; x_wconf 91' lang='lat' dir='ltr'><strong>iu</strong></span> <span class='ocrx_word' id='word_1_194' title='bbox 1000 3310 1170 3378; x_wconf 75' lang='lat' dir='ltr'><strong>lLCetiiego,</strong></span> <span class='ocrx_word' id='word_1_195' title='bbox 1189 3307 1232 3360; x_wconf 86' lang='lat' dir='ltr'><strong>vel</strong></span> <span class='ocrx_word' id='word_1_196' title='bbox 1253 3317 1311 3360; x_wconf 88' lang='lat' dir='ltr'><strong>stn-</strong></span> 
     </span>
     <span class='ocr_line' id='line_1_24' title="bbox 323 3393 1314 3469; baseline -0.007 -18"><span class='ocrx_word' id='word_1_197' title='bbox 323 3401 422 3451; x_wconf 86' lang='lat' dir='ltr'><strong>diurum</strong></span> <span class='ocrx_word' id='word_1_198' title='bbox 444 3396 557 3463; x_wconf 84' lang='lat' dir='ltr'><strong>illorum,</strong></span> <span class='ocrx_word' id='word_1_199' title='bbox 578 3400 688 3469; x_wconf 81' lang='lat' dir='ltr'><strong>quaein</strong></span> <span class='ocrx_word' id='word_1_200' title='bbox 707 3399 806 3451; x_wconf 80' lang='lat' dir='ltr'><strong>licinio</strong></span> <span class='ocrx_word' id='word_1_201' title='bbox 828 3399 922 3450; x_wconf 74' lang='lat' dir='ltr'><strong>Crasso</strong></span> <span class='ocrx_word' id='word_1_202' title='bbox 941 3398 1085 3465; x_wconf 86' lang='lat' dir='ltr'><strong>Publioque</strong></span> <span class='ocrx_word' id='word_1_203' title='bbox 1101 3398 1225 3464; x_wconf 84' lang='lat' dir='ltr'><strong>Scipione</strong></span> <span class='ocrx_word' id='word_1_204' title='bbox 1238 3411 1252 3446; x_wconf 90' lang='lat' dir='ltr'><strong>u</strong></span> <span class='ocrx_word' id='word_1_205' title='bbox 1267 3393 1314 3445; x_wconf 78' lang='lat' dir='ltr'><strong>Ci-</strong></span> 
     </span>
     <span class='ocr_line' id='line_1_25' title="bbox 323 3483 1312 3554; baseline -0.008 -16"><span class='ocrx_word' id='word_1_206' title='bbox 323 3501 420 3545; x_wconf 85' lang='lat' dir='ltr'><strong>cerouo</strong></span> <span class='ocrx_word' id='word_1_207' title='bbox 437 3487 635 3554; x_wconf 73' lang='lat' dir='ltr'><strong>praedicuntur!</strong></span> <span class='ocrx_word' id='word_1_208' title='bbox 671 3484 785 3538; x_wconf 81' lang='lat' dir='ltr'><strong>Eundem</strong></span> <span class='ocrx_word' id='word_1_209' title='bbox 813 3488 938 3538; x_wconf 74' lang='lat' dir='ltr'><strong>tutiorem</strong></span> <span class='ocrx_word' id='word_1_210' title='bbox 964 3493 1068 3536; x_wconf 83' lang='lat' dir='ltr'><strong>secutus</strong></span> <span class='ocrx_word' id='word_1_211' title='bbox 1085 3490 1127 3534; x_wconf 87' lang='lat' dir='ltr'><strong>est</strong></span> <span class='ocrx_word' id='word_1_212' title='bbox 1146 3483 1312 3547; x_wconf 78' lang='lat' dir='ltr'><strong>Vissoringus</strong></span> 
     </span>
     <span class='ocr_line' id='line_1_26' title="bbox 327 3569 1313 3643; baseline -0.006 -19"><span class='ocrx_word' id='word_1_213' title='bbox 327 3576 345 3626; x_wconf 90' lang='lat' dir='ltr'><strong>l.</strong></span> <span class='ocrx_word' id='word_1_214' title='bbox 364 3591 387 3625; x_wconf 91' lang='lat' dir='ltr'><strong>c.</strong></span> <span class='ocrx_word' id='word_1_215' title='bbox 404 3591 430 3643; x_wconf 86' lang='lat' dir='ltr'><strong>p.</strong></span> <span class='ocrx_word' id='word_1_216' title='bbox 452 3575 476 3628; x_wconf 83' lang='grc'><strong>9.</strong></span> <span class='ocrx_word' id='word_1_217' title='bbox 513 3575 563 3637; x_wconf 78' lang='lat' dir='ltr'><strong>ou</strong></span> <span class='ocrx_word' id='word_1_218' title='bbox 583 3573 650 3640; x_wconf 80' lang='lat' dir='ltr'><strong>quod</strong></span> <span class='ocrx_word' id='word_1_219' title='bbox 672 3573 737 3625; x_wconf 76' lang='lat' dir='ltr'><strong>ulios</strong></span> <span class='ocrx_word' id='word_1_220' title='bbox 756 3575 793 3625; x_wconf 88' lang='lat' dir='ltr'><strong>uit</strong></span> <span class='ocrx_word' id='word_1_221' title='bbox 809 3588 834 3626; x_wconf 81' lang='lat' dir='ltr'><strong>t.</strong></span> <span class='ocrx_word' id='word_1_222' title='bbox 853 3572 913 3638; x_wconf 75' lang='lat'><strong>529,</strong></span> <span class='ocrx_word' id='word_1_223' title='bbox 932 3571 998 3623; x_wconf 82' lang='lat' dir='ltr'><strong>ulios</strong></span> <span class='ocrx_word' id='word_1_224' title='bbox 1016 3573 1066 3625; x_wconf 80' lang='lat'><strong>527</strong></span> <span class='ocrx_word' id='word_1_225' title='bbox 1087 3569 1206 3623; x_wconf 78' lang='lat' dir='ltr'><strong>Plautum</strong></span> <span class='ocrx_word' id='word_1_226' title='bbox 1225 3575 1313 3620; x_wconf 83' lang='lat' dir='ltr'><strong>nstunt</strong></span> 
     </span>
     <span class='ocr_line' id='line_1_27' title="bbox 321 3659 1314 3728; baseline -0.007 -17"><span class='ocrx_word' id='word_1_227' title='bbox 321 3661 493 3728; x_wconf 82' lang='lat' dir='ltr'><strong>perhibuisse,</strong></span> <span class='ocrx_word' id='word_1_228' title='bbox 511 3659 613 3711; x_wconf 86' lang='lat' dir='ltr'><strong>dubium</strong></span> <span class='ocrx_word' id='word_1_229' title='bbox 630 3659 690 3710; x_wconf 89' lang='lat' dir='ltr'><strong>illos</strong></span> <span class='ocrx_word' id='word_1_230' title='bbox 708 3662 858 3727; x_wconf 73' lang='lat' dir='ltr'><strong>Hieronymi</strong></span> <span class='ocrx_word' id='word_1_231' title='bbox 877 3669 902 3710; x_wconf 83' lang='lat' dir='ltr'><strong>et</strong></span> <span class='ocrx_word' id='word_1_232' title='bbox 919 3660 986 3710; x_wconf 80' lang='lat' dir='ltr'><strong>Festi</strong></span> <span class='ocrx_word' id='word_1_233' title='bbox 1005 3659 1182 3711; x_wconf 76' lang='lat' dir='ltr'><strong>auctoritatem</strong></span> <span class='ocrx_word' id='word_1_234' title='bbox 1194 3663 1314 3718; x_wconf 79' lang='lat' dir='ltr'><strong>secutos,</strong></span> 
     </span>
     <span class='ocr_line' id='line_1_28' title="bbox 323 3738 1313 3813; baseline -0.008 -17"><span class='ocrx_word' id='word_1_235' title='bbox 323 3747 349 3796; x_wconf 89' lang='lat' dir='ltr'><strong>id</strong></span> <span class='ocrx_word' id='word_1_236' title='bbox 371 3746 403 3797; x_wconf 85' lang='lat' dir='ltr'><strong>ad</strong></span> <span class='ocrx_word' id='word_1_237' title='bbox 424 3761 488 3813; x_wconf 90' lang='lat' dir='ltr'><strong>quos</strong></span> <span class='ocrx_word' id='word_1_238' title='bbox 506 3753 607 3812; x_wconf 86' lang='lat' dir='ltr'><strong>spectet</strong></span> <span class='ocrx_word' id='word_1_239' title='bbox 624 3745 667 3796; x_wconf 87' lang='lat' dir='ltr'><strong>vel</strong></span> <span class='ocrx_word' id='word_1_240' title='bbox 687 3747 755 3796; x_wconf 88' lang='lat' dir='ltr'><strong>uude</strong></span> <span class='ocrx_word' id='word_1_241' title='bbox 773 3745 890 3796; x_wconf 81' lang='lat' dir='ltr'><strong>haustum</strong></span> <span class='ocrx_word' id='word_1_242' title='bbox 908 3743 1000 3795; x_wconf 73' lang='lat' dir='ltr'><strong>situel</strong></span> <span class='ocrx_word' id='word_1_243' title='bbox 1023 3758 1074 3811; x_wconf 91' lang='lat' dir='ltr'><strong>quo</strong></span> <span class='ocrx_word' id='word_1_244' title='bbox 1093 3738 1188 3804; x_wconf 76' lang='lat' dir='ltr'><strong>valent,</strong></span> <span class='ocrx_word' id='word_1_245' title='bbox 1209 3754 1313 3808; x_wconf 86' lang='lat' dir='ltr'><strong>prorsus</strong></span> 
     </span>
     <span class='ocr_line' id='line_1_29' title="bbox 241 3825 1314 3899; baseline -0.007 -16"><span class='ocrx_word' id='word_1_246' title='bbox 241 3849 245 3855; x_wconf 84' lang='lat'><strong>·</strong></span> <span class='ocrx_word' id='word_1_247' title='bbox 324 3847 376 3883; x_wconf 87' lang='lat' dir='ltr'><strong>non</strong></span> <span class='ocrx_word' id='word_1_248' title='bbox 396 3847 528 3899; x_wconf 73' lang='lat' dir='ltr'><strong>assequor.</strong></span> <span class='ocrx_word' id='word_1_249' title='bbox 548 3864 583 3877; x_wconf 82' lang='lat'><strong>·-</strong></span> <span class='ocrx_word' id='word_1_250' title='bbox 601 3833 722 3882; x_wconf 83' lang='lat' dir='ltr'><strong>Ceterum</strong></span> <span class='ocrx_word' id='word_1_251' title='bbox 741 3847 807 3899; x_wconf 84' lang='lat' dir='ltr'><strong>qnae</strong></span> <span class='ocrx_word' id='word_1_252' title='bbox 826 3833 854 3882; x_wconf 90' lang='lat' dir='ltr'><strong>iu</strong></span> <span class='ocrx_word' id='word_1_253' title='bbox 876 3832 999 3882; x_wconf 74' lang='lat' dir='ltr'><strong>licerium</strong></span> <span class='ocrx_word' id='word_1_254' title='bbox 1018 3829 1195 3896; x_wconf 75' lang='lat' dir='ltr'><strong>Plautumque,</strong></span> <span class='ocrx_word' id='word_1_255' title='bbox 1224 3825 1314 3876; x_wconf 78' lang='lat' dir='ltr'><strong>eadem</strong></span> 
     </span>
     <span class='ocr_line' id='line_1_30' title="bbox 323 3910 1314 3985; baseline -0.008 -17"><span class='ocrx_word' id='word_1_256' title='bbox 323 3916 485 3985; x_wconf 79' lang='lat' dir='ltr'><strong>sequtlitttis</strong></span> <span class='ocrx_word' id='word_1_257' title='bbox 504 3918 570 3969; x_wconf 88' lang='lat' dir='ltr'><strong>rutio</strong></span> <span class='ocrx_word' id='word_1_258' title='bbox 590 3918 616 3967; x_wconf 85' lang='lat' dir='ltr'><strong>in</strong></span> <span class='ocrx_word' id='word_1_259' title='bbox 634 3917 816 3970; x_wconf 70' lang='lat' dir='ltr'><strong>truculentum</strong></span> <span class='ocrx_word' id='word_1_260' title='bbox 837 3926 863 3967; x_wconf 84' lang='lat' dir='ltr'><strong>et</strong></span> <span class='ocrx_word' id='word_1_261' title='bbox 889 3914 1044 3969; x_wconf 83' lang='lat' dir='ltr'><strong>Pseudolum</strong></span> <span class='ocrx_word' id='word_1_262' title='bbox 1065 3914 1143 3965; x_wconf 81' lang='lat' dir='ltr'><strong>cudit.</strong></span> <span class='ocrx_word' id='word_1_263' title='bbox 1179 3911 1253 3963; x_wconf 79' lang='lat' dir='ltr'><strong>Vnde</strong></span> <span class='ocrx_word' id='word_1_264' title='bbox 1272 3910 1314 3960; x_wconf 82' lang='lat' dir='ltr'><strong>in·</strong></span> 
     </span>
     <span class='ocr_line' id='line_1_31' title="bbox 323 3999 1314 4073; baseline -0.005 -20"><span class='ocrx_word' id='word_1_265' title='bbox 323 4003 449 4071; x_wconf 75' lang='lat' dir='ltr'><strong>telligitur</strong></span> <span class='ocrx_word' id='word_1_266' title='bbox 481 4018 557 4071; x_wconf 78' lang='lat' dir='ltr'><strong>quana</strong></span> <span class='ocrx_word' id='word_1_267' title='bbox 585 4013 682 4055; x_wconf 86' lang='lat' dir='ltr'><strong>temere</strong></span> <span class='ocrx_word' id='word_1_268' title='bbox 702 4002 771 4054; x_wconf 84' lang='lat' dir='ltr'><strong>illam</strong></span> <span class='ocrx_word' id='word_1_269' title='bbox 790 4001 893 4070; x_wconf 86' lang='lat' dir='ltr'><strong>quidem</strong></span> <span class='ocrx_word' id='word_1_270' title='bbox 914 4001 1027 4053; x_wconf 71' lang='lat' dir='ltr'><strong>salsulam</strong></span> <span class='ocrx_word' id='word_1_271' title='bbox 1043 3999 1210 4073; x_wconf 83' lang='lat' dir='ltr'><strong>nescioquis</strong></span> <span class='ocrx_word' id='word_1_272' title='bbox 1229 4010 1314 4063; x_wconf 81' lang='lat' dir='ltr'><strong>nuper</strong></span> 
     </span>
     <span class='ocr_line' id='line_1_32' title="bbox 255 4088 911 4156; baseline 0 -16"><span class='ocrx_word' id='word_1_273' title='bbox 255 4088 261 4093; x_wconf 76' lang='grc'><strong><em>’</em></strong></span> <span class='ocrx_word' id='word_1_274' title='bbox 327 4089 420 4140; x_wconf 77' lang='lat' dir='ltr'><strong>dixerit</strong></span> <span class='ocrx_word' id='word_1_275' title='bbox 439 4105 471 4141; x_wconf 84' lang='lat' dir='ltr'><strong>ex</strong></span> <span class='ocrx_word' id='word_1_276' title='bbox 492 4090 676 4156; x_wconf 81' lang='lat' dir='ltr'><strong>antiquissimis</strong></span> <span class='ocrx_word' id='word_1_277' title='bbox 697 4088 820 4141; x_wconf 86' lang='lat' dir='ltr'><strong>Pluutiuis</strong></span> <span class='ocrx_word' id='word_1_278' title='bbox 843 4104 911 4140; x_wconf 81' lang='lat' dir='ltr'><strong>esse.</strong></span> 
     </span>
     <span class='ocr_line' id='line_1_33' title="bbox 228 4173 1314 4251; baseline -0.012 -16"><span class='ocrx_word' id='word_1_279' title='bbox 228 4196 231 4201; x_wconf 88' lang='lat'>·</span> <span class='ocrx_word' id='word_1_280' title='bbox 283 4184 310 4251; x_wconf 79' lang='lat'><strong>⁸)</strong></span> <span class='ocrx_word' id='word_1_281' title='bbox 327 4183 442 4234; x_wconf 82' lang='lat' dir='ltr'><strong>Eandem</strong></span> <span class='ocrx_word' id='word_1_282' title='bbox 461 4183 540 4234; x_wconf 82' lang='lat' dir='ltr'><strong>video</strong></span> <span class='ocrx_word' id='word_1_283' title='bbox 559 4182 655 4249; x_wconf 76' lang='lat' dir='ltr'><strong>Meyeri</strong></span> <span class='ocrx_word' id='word_1_284' title='bbox 676 4184 702 4233; x_wconf 90' lang='lat' dir='ltr'><strong>iu</strong></span> <span class='ocrx_word' id='word_1_285' title='bbox 726 4180 794 4236; x_wconf 84' lang='lat' dir='ltr'><strong>Brut.</strong></span> <span class='ocrx_word' id='word_1_286' title='bbox 814 4195 839 4248; x_wconf 83' lang='lat' dir='ltr'><strong>p.</strong></span> <span class='ocrx_word' id='word_1_287' title='bbox 854 4182 884 4233; x_wconf 84' lang='lat' dir='ltr'><strong>ot</strong></span> <span class='ocrx_word' id='word_1_288' title='bbox 908 4181 1060 4233; x_wconf 80' lang='lat' dir='ltr'><strong>sententiani</strong></span> <span class='ocrx_word' id='word_1_289' title='bbox 1079 4194 1145 4232; x_wconf 83' lang='lat' dir='ltr'><strong>esse.</strong></span> <span class='ocrx_word' id='word_1_290' title='bbox 1165 4175 1244 4229; x_wconf 75' lang='lat' dir='ltr'><strong>(luins</strong></span> <span class='ocrx_word' id='word_1_291' title='bbox 1256 4173 1314 4224; x_wconf 90' lang='lat' dir='ltr'><strong>edi-</strong></span> 
     </span>
     <span class='ocr_line' id='line_1_34' title="bbox 271 4265 1315 4336; baseline -0.009 -17"><span class='ocrx_word' id='word_1_292' title='bbox 271 4277 273 4280; x_wconf 71' lang='lat'>‘</span> <span class='ocrx_word' id='word_1_293' title='bbox 328 4271 364 4321; x_wconf 92' lang='lat' dir='ltr'><strong>tio</strong></span> <span class='ocrx_word' id='word_1_294' title='bbox 388 4277 448 4335; x_wconf 83' lang='lat' dir='ltr'><strong>post</strong></span> <span class='ocrx_word' id='word_1_295' title='bbox 473 4268 604 4336; x_wconf 77' lang='lat' dir='ltr'><strong>vulgatam</strong></span> <span class='ocrx_word' id='word_1_296' title='bbox 629 4269 730 4323; x_wconf 77' lang='lat' dir='ltr'><strong>domurn</strong></span> <span class='ocrx_word' id='word_1_297' title='bbox 757 4267 823 4321; x_wconf 78' lang='lat' dir='ltr'><strong>lianc</strong></span> <span class='ocrx_word' id='word_1_298' title='bbox 853 4269 1094 4319; x_wconf 77' lang='lat' dir='ltr'><strong>commentationem</strong></span> <span class='ocrx_word' id='word_1_299' title='bbox 1112 4265 1246 4316; x_wconf 81' lang='lat' dir='ltr'><strong>inmunus</strong></span> <span class='ocrx_word' id='word_1_300' title='bbox 1263 4275 1315 4311; x_wconf 88' lang='lat' dir='ltr'><strong>no-</strong></span> 
     </span>
     <span class='ocr_line' id='line_1_35' title="bbox 326 4356 538 4420; baseline 0 -16"><span class='ocrx_word' id='word_1_301' title='bbox 326 4363 390 4405; x_wconf 84' lang='lat' dir='ltr'><strong>strus</strong></span> <span class='ocrx_word' id='word_1_302' title='bbox 411 4356 538 4420; x_wconf 86' lang='lat' dir='ltr'><strong>pervenit.</strong></span> 
     </span>
     <span class='ocr_line' id='line_1_36' title="bbox 268 4442 1314 4516; baseline -0.008 -18"><span class='ocrx_word' id='word_1_303' title='bbox 268 4450 310 4515; x_wconf 78' lang='lat'><strong>⁸¹)</strong></span> <span class='ocrx_word' id='word_1_304' title='bbox 332 4448 493 4499; x_wconf 82' lang='lat' dir='ltr'><strong>lllussnranni</strong></span> <span class='ocrx_word' id='word_1_305' title='bbox 514 4465 617 4516; x_wconf 89' lang='lat' dir='ltr'><strong>quoque</strong></span> <span class='ocrx_word' id='word_1_306' title='bbox 637 4465 668 4500; x_wconf 85' lang='lat' dir='ltr'><strong>ro</strong></span> <span class='ocrx_word' id='word_1_307' title='bbox 687 4450 761 4512; x_wconf 84' lang='lat' dir='ltr'><strong>libro,</strong></span> <span class='ocrx_word' id='word_1_308' title='bbox 779 4466 855 4516; x_wconf 85' lang='lat' dir='ltr'><strong>quein</strong></span> <span class='ocrx_word' id='word_1_309' title='bbox 875 4450 906 4500; x_wconf 88' lang='lat' dir='ltr'><strong>de</strong></span> <span class='ocrx_word' id='word_1_310' title='bbox 922 4450 1013 4500; x_wconf 81' lang='lat' dir='ltr'><strong>liuerii</strong></span> <span class='ocrx_word' id='word_1_311' title='bbox 1025 4448 1078 4498; x_wconf 78' lang='lat' dir='ltr'><strong>vita</strong></span> <span class='ocrx_word' id='word_1_312' title='bbox 1096 4453 1122 4496; x_wconf 83' lang='lat' dir='ltr'><strong>et</strong></span> <span class='ocrx_word' id='word_1_313' title='bbox 1141 4444 1206 4509; x_wconf 83' lang='lat' dir='ltr'><strong>reliq</strong></span> <span class='ocrx_word' id='word_1_314' title='bbox 1235 4442 1314 4494; x_wconf 85' lang='lat' dir='ltr'><strong>lenus</strong></span> 
     </span>
     <span class='ocr_line' id='line_1_37' title="bbox 328 4530 1315 4603; baseline -0.007 -20"><span class='ocrx_word' id='word_1_315' title='bbox 328 4549 353 4583; x_wconf 80' lang='grc' dir='ltr'><strong>ι.</strong></span> <span class='ocrx_word' id='word_1_316' title='bbox 377 4535 444 4586; x_wconf 73' lang='lat'><strong>1843</strong></span> <span class='ocrx_word' id='word_1_317' title='bbox 462 4535 549 4599; x_wconf 79' lang='lat' dir='ltr'><strong>edidit,</strong></span> <span class='ocrx_word' id='word_1_318' title='bbox 569 4551 595 4602; x_wconf 85' lang='lat' dir='ltr'><strong>p.</strong></span> <span class='ocrx_word' id='word_1_319' title='bbox 607 4537 695 4589; x_wconf 56' lang='lat'><strong>230-</strong></span> <span class='ocrx_word' id='word_1_320' title='bbox 716 4535 831 4586; x_wconf 83' lang='lat' dir='ltr'><strong>l’sullusu</strong></span> <span class='ocrx_word' id='word_1_321' title='bbox 851 4537 929 4599; x_wconf 69' lang='lat' dir='ltr'><strong>igitur</strong></span> <span class='ocrx_word' id='word_1_322' title='bbox 948 4535 1022 4586; x_wconf 79' lang='lat' dir='ltr'><strong>abest</strong></span> <span class='ocrx_word' id='word_1_323' title='bbox 1040 4535 1101 4603; x_wconf 91' lang='lat' dir='ltr'><strong>quin</strong></span> <span class='ocrx_word' id='word_1_324' title='bbox 1120 4530 1224 4583; x_wconf 83' lang='lat' dir='ltr'><strong>itrhuuc</strong></span> <span class='ocrx_word' id='word_1_325' title='bbox 1245 4543 1315 4578; x_wconf 88' lang='lat' dir='ltr'><strong>mor-</strong></span> 
     </span>
     <span class='ocr_line' id='line_1_38' title="bbox 330 4608 1315 4688; baseline -0.008 -17"><span class='ocrx_word' id='word_1_326' title='bbox 330 4621 363 4671; x_wconf 86' lang='lat' dir='ltr'><strong>tis</strong></span> <span class='ocrx_word' id='word_1_327' title='bbox 383 4634 475 4671; x_wconf 84' lang='lat' dir='ltr'><strong>anuum</strong></span> <span class='ocrx_word' id='word_1_328' title='bbox 496 4623 628 4688; x_wconf 82' lang='lat' dir='ltr'><strong>scipionis</strong></span> <span class='ocrx_word' id='word_1_329' title='bbox 645 4620 758 4672; x_wconf 73' lang='lat' dir='ltr'><strong>laudatio</strong></span> <span class='ocrx_word' id='word_1_330' title='bbox 777 4624 917 4672; x_wconf 73' lang='lat' dir='ltr'><strong>conueniat</strong></span> <span class='ocrx_word' id='word_1_331' title='bbox 944 4637 976 4673; x_wconf 81' lang='lat' dir='ltr'><strong>ex</strong></span> <span class='ocrx_word' id='word_1_332' title='bbox 1002 4624 1033 4671; x_wconf 89' lang='lat' dir='ltr'><strong>iis</strong></span> <span class='ocrx_word' id='word_1_333' title='bbox 1055 4608 1145 4674; x_wconf 76' lang='lat' dir='ltr'><strong>Naevii</strong></span> <span class='ocrx_word' id='word_1_334' title='bbox 1162 4615 1281 4667; x_wconf 76' lang='lat' dir='ltr'><strong>versibus</strong></span> <span class='ocrx_word' id='word_1_335' title='bbox 1301 4628 1315 4663; x_wconf 85' lang='lat' dir='ltr'><strong>a</strong></span> 
     </span>
     <span class='ocr_line' id='line_1_39' title="bbox 328 4705 1315 4776; baseline -0.007 -18"><span class='ocrx_word' id='word_1_336' title='bbox 328 4705 413 4758; x_wconf 80' lang='lat' dir='ltr'><strong>Gellio</strong></span> <span class='ocrx_word' id='word_1_337' title='bbox 430 4707 472 4770; x_wconf 83' lang='lat' dir='ltr'><strong>Vl,</strong></span> <span class='ocrx_word' id='word_1_338' title='bbox 493 4709 725 4762; x_wconf 73' lang='lat' dir='ltr'><strong>Geommenorata</strong></span> <span class='ocrx_word' id='word_1_339' title='bbox 735 4746 744 4774; x_wconf 85' lang='lat'><strong>,</strong></span> <span class='ocrx_word' id='word_1_340' title='bbox 772 4723 839 4776; x_wconf 87' lang='lat' dir='ltr'><strong>quos</strong></span> <span class='ocrx_word' id='word_1_341' title='bbox 864 4724 916 4760; x_wconf 90' lang='lat' dir='ltr'><strong>nou</strong></span> <span class='ocrx_word' id='word_1_342' title='bbox 935 4718 994 4760; x_wconf 82' lang='lat' dir='ltr'><strong>ants</strong></span> <span class='ocrx_word' id='word_1_343' title='bbox 1013 4725 1035 4760; x_wconf 88' lang='lat' dir='ltr'><strong>u.</strong></span> <span class='ocrx_word' id='word_1_344' title='bbox 1054 4709 1106 4763; x_wconf 68' lang='lat' dir='ltr'><strong>ibi</strong></span> <span class='ocrx_word' id='word_1_345' title='bbox 1124 4705 1234 4772; x_wconf 83' lang='lat' dir='ltr'><strong>scriptos</strong></span> <span class='ocrx_word' id='word_1_346' title='bbox 1256 4716 1315 4752; x_wconf 80' lang='lat' dir='ltr'><strong>esse</strong></span> 
     </span>
    </p>
   </div>
   <div class='ocr_carea' id='block_1_7' title="bbox 0 63 1419 5332">
    <p class='ocr_par' dir='ltr' id='par_1_8' title="bbox 0 63 1419 5332">
     <span class='ocr_line' id='line_1_40' title="bbox 0 63 1419 5332; baseline 0 0"><span class='ocrx_word' id='word_1_347' title='bbox 0 63 1419 5332; x_wconf 95' lang='lat' dir='ltr'><strong> </strong></span> 
     </span>
    </p>
   </div>
  </div>
 </body>
</html>
