2820 5332
227 667 300 742 384
492 695 534 736 vr.
560 695 602 736 nr
629 693 747 737 essert
777 692 1046 739 rnrssrssrtsvs.

223 872 282 968 pla
315 887 460 951 exstent,
492 868 556 936 tale
590 869 747 951 effertur,
784 872 820 936 in
853 867 948 964 quod
982 867 1040 936 illa
1067 867 1163 939 elisio
1191 868 1317 938 cadere

224 986 316 1055 nullo
343 1003 445 1079 pacto.
468 985 595 1078 possit?
646 985 736 1070 Quid
759 986 848 1053 euim
872 985 977 1078 magis
1002 983 1198 1078 legitimum,
1229 987 1316 1081 quid

225 1101 406 1194 elegantius
432 1098 498 1166 illis
525 1125 544 1167 e
569 1099 716 1192 Captivis
742 1100 917 1167 versibus?
943 1100 1068 1193 Ecquis
1088 1123 1172 1168 vesu
1196 1098 1316 1171 Sisen-

222 1243 299 1285 mm
326 1217 578 1309 integerrimum
604 1239 735 1282 versum
760 1215 892 1309 putsbit
912 1213 1005 1282 velut
1029 1214 1095 1284 boc
1119 1213 1222 1284 modu
1237 1240 1315 1285 cur·-

221 1349 357 1424 ruptum
380 1330 518 1424 legisse:

319 1441 355 1511 e't
372 1433 433 1512 tun
450 1462 485 1511 et
498 1463 559 1511 tna
579 1439 645 1512 lnic
658 1452 795 1512 ornatu'
820 1441 984 1513 revenere
999 1471 1044 1513 sc
1058 1441 1235 1515 sente'ntia
1246 1450 1314 1515 -Ρ

220 1562 274 1629 An
300 1560 501 1629 1·ursum‹lc
527 1559 641 1654 elapso
669 1587 687 1628 e
713 1563 835 1629 nostris
860 1561 957 1630 libris
985 1562 1151 1630 versiculo
1188 1565 1312 1658 cogita-

203 1679 328 1747 -bimus
362 1675 446 1744 deve
478 1677 726 1744 Rufinianorum
762 1679 942 1745 verborum
965 1673 1107 1745 lacuna?
1153 1678 1312 1746 Viderint

219 1792 289 1861 alii:
325 1818 387 1885 ego
420 1817 488 1859 non
514 1791 668 1885 expedio.
718 1793 789 1860 Hoc
825 1817 926 1859 unum
952 1791 1071 1874 video,
1106 1792 1149 1860 de
1181 1793 1311 1887 vulgata

218 1908 355 2003 quidem
380 1907 471 2001 apud
498 1910 649 1975 Rufinum
677 1912 841 2002 scriptura
863 1908 969 1975 videri
995 1935 1013 1975 s
1039 1907 1122 1975 illud
1145 1911 1179 1974 iu
1197 1909 1312 1976 Sisen-

218 2049 282 2090 nae
308 2025 490 2116 exemplari
521 2024 672 2091 Plautino
704 2049 820 2090 revera
848 2026 1008 2091 omissum
1031 2024 1142 2089 fuisse.
1194 2024 1309 2106 Quan-

218 2164 318 2233 quam
356 2143 382 2207 si
419 2141 591 2232 scripserit
623 2140 776 2207 Sisenna:
822 2141 893 2206 Hic
926 2154 1113 2205 ortaatnss
1143 2139 1306 2218 litteram,

216 2257 346 2348 possint
375 2255 459 2322 haec
488 2256 626 2323 sortasse
666 2258 765 2322 etiam
800 2258 843 2322 its
878 2256 1005 2347 accipi,
1049 2272 1084 2320 ut
1117 2256 1152 2320 in
1187 2245 1309 2321 chertis

166 2374 171 2385 '
215 2369 317 2463 plene
350 2372 578 2463 perscriptum
615 2389 760 2438 ornatus
781 2405 783 2414 ¹
804 2372 972 2439 dicaturs
1008 2369 1154 2438 litteram
1181 2388 1306 2436 tantum

136 2536 139 2540 -
215 2486 462 2578 pronuntiantis
489 2510 547 2552 ore
572 2489 729 2554 amisisse.
755 2483 788 2572 *)

316 2598 379 2686 (7·)
417 2600 608 2668 Aululariae
642 2628 799 2682 scenam,
837 2605 928 2669 cuius
964 2602 1170 2694 anapaestica
1199 2615 1307 2665 metra

214 2714 376 2794 Sisennae
401 2735 468 2783 tam
495 2719 626 2785 concisa
652 2719 718 2785 visa
743 2736 819 2785 sunt
844 2735 879 2783 ut
904 2742 972 2785 non
998 2714 1216 2809 intelligeret,
1232 2739 1305 2782 esse

214 2851 277 2901 act.
303 2833 360 2911 IV,
385 2833 407 2904 9
443 2835 652 2900 Hermannus
679 2833 762 2901 vidit
785 2833 890 2899 Elem.
918 2831 1024 2899 doctr.
1050 2848 1145 2901 metr.
1173 2856 1207 2922 p.
1231 2827 1301 2898 411

213 2973 275 3041 sq.,
301 2949 393 3015 cuius
420 2950 502 3014 lraec
526 2969 601 3015 sunt
621 2950 742 3017 verba:
775 2947 898 3042 quodsi
921 2948 1020 3014 hanso
1035 2947 1210 3014 Ilomanns
1232 2949 1303 3011 iam

214 3067 264 3129 ita
290 3063 461 3143 indicavit,
488 3081 588 3129 tanto
615 3069 792 3156 uenationes
818 3064 969 3130 mbitros
1000 3062 1098 3129 noba
1110 3066 1200 3150 fore
1225 3086 1303 3153 spe-

213 3203 339 3255 ramns,
375 3205 448 3246 cum
473 3204 611 3260 scenam
634 3184 735 3245 istam
759 3185 941 3246 restituere
967 3183 1117 3245 numeris
1143 3182 1213 3244 suis
1246 3203 1305 3243 co-

213 3295 380 3364 stabimur.

704 3494 724 3581 5
750 3493 804 3561 1'0.

308 3658 585 3722 Pertractavimus
610 3656 806 3723 Sisenniana
833 3659 1013 3752 fragmenta
1039 3684 1057 3722 s
1083 3656 1200 3723 Rufino
1227 3678 1302 3721 ser-

210 3791 290 3838 rata.
358 3773 486 3855 Quibus
532 3797 621 3840 nunc
663 3771 844 3853 accedant,
884 3799 970 3865 quae
1016 3770 1186 3839 Charisius
1229 3795 1303 3836 mc-

259 4002 285 4074 ⁶)
316 4002 354 4054 De
376 4003 424 4053 hoe
445 4004 484 4054 sic
502 4002 661 4055 llermanuus
686 4005 826 4057 iudicavit:
861 4004 937 4071 „Das
955 4006 1058 4058 erastu'
1087 4006 1183 4074 glsube
1201 4006 1243 4058 ich
1269 4008 1304 4058 ist

314 4089 433 4141 nisinen
451 4090 497 4140 aui
516 4089 588 4157 Capt.
609 4092 638 4154 V,
657 4097 683 4156 3,
701 4093 735 4145 20
760 4110 793 4144 zu
810 4091 946 4144 besiehen.
975 4093 1048 4145 Danu
1069 4094 1174 4145 obwuhl
1196 4093 1304 4146 Plautus

308 4179 403 4243 gewiss
430 4176 500 4227 nicht
526 4177 571 4228 das
596 4197 608 4230 s
629 4193 676 4230 vor
693 4181 778 4231 einen
798 4178 877 4230 Vocal
898 4183 1099 4247 weggewmlen
1118 4181 1176 4244 hat,
1200 4181 1304 4232 scheint

310 4264 376 4314 doch
395 4265 503 4316 Sisenna
522 4264 567 4314 das
588 4264 712 4332 geglaubt
730 4283 761 4317 zu
781 4265 872 4317 bsbeu.
902 4265 957 4318 Und
979 4266 1082 4318 hieraus
1101 4267 1164 4318 lunt
1181 4267 1238 4319 sich
1258 4283 1305 4319 er-

313 4350 421 4413 kltmn,
449 4366 546 4401 uvarum
565 4352 685 4403 ordisse
703 4362 822 4404 sonstsu
842 4352 1025 4420 gewchnliche
1044 4355 1234 4422 Wegwesluug
1252 4371 1304 4423 ge·

309 4437 370 4489 rade
398 4438 455 4492 hlei
483 4439 601 4490 erwuhnt
628 4439 679 4490 hat.
710 4439 822 4491 Freilich
851 4440 962 4492 beneist
988 4442 1033 4493 dss
1059 4442 1137 4493 keins
1158 4442 1306 4493 bescndere

312 4524 449 4576 licuntniss
467 4526 512 4576 der
530 4527 623 4578 lletrik
641 4526 693 4577 und
712 4527 848 4579 Prosudie:
870 4529 932 4580 abes
949 4529 992 4580 die
1003 4529 1168 4596 Bemerlmug
1185 4529 1250 4580 uber
1261 4528 1305 4579 die

308 4612 391 4663 Scene
410 4612 455 4663 der
476 4612 610 4665 Aulularia
628 4615 730 4666 verrtth
751 4613 780 4678 js
797 4615 888 4675 schoa,
908 4615 966 4668 dass
986 4618 1037 4669 ihm
1057 4618 1103 4669 dus
1118 4616 1230 4683 richtige
1251 4615 1304 4668 Le-

308 4714 354 4749 seu
373 4698 419 4751 der
438 4701 518 4753 Versa
536 4703 608 4754 nicht
625 4701 669 4753 hat
686 4702 809 4771 gelingen
826 4702 951 4755 nollem
