2820 5332
226 724 275 796 64
567 749 603 793 n.
630 749 671 792 or
698 748 825 794 sarira
854 748 979 795 rervm.
1084 796 1087 805 f

229 924 390 990 Catonem
404 920 531 1002 Plauto,
558 924 615 1014 qui
642 925 707 989 iam
721 942 796 990 ante
812 922 960 990 medinm
981 923 1149 991 saeculnm
1164 926 1315 993 floruisse

227 1036 396 1130 putandus
424 1055 482 1102 est.
532 1038 657 1104 Verum
684 1042 742 1131 qui
766 1036 866 1105 talem
889 1040 924 1104 in
946 1040 1012 1106 hoc
1038 1039 1177 1131 quidem
1193 1066 1316 1132 genere

227 1150 434 1244 diligentiam
459 1149 500 1213 ab
530 1173 571 1216 co
596 1154 761 1245 scriptore
789 1169 971 1244 exspectes,
997 1155 1186 1246 quistatim
1212 1156 1317 1219 subii-

228 1266 292 1335 ciat
317 1263 436 1329 iisdem
459 1265 665 1357 temporibus
690 1265 912 1359 philosophos
938 1268 1159 1334 Athenienses
1193 1267 1236 1334 ad
1260 1293 1317 1333 se-

226 1397 339 1447 natum
366 1381 401 1444 P.
427 1377 464 1448 R.
486 1375 614 1472 legatos
642 1405 732 1460 esse,
759 1406 844 1476 quos
872 1400 1001 1449 constat
1026 1408 1057 1453 a.
1082 1383 1154 1453 598
1179 1381 1315 1475 legatos,
1347 1439 1357 1451 Ι

228 1517 300 1561 nou
325 1515 453 1583 magno
478 1512 587 1560 autem
614 1495 799 1562 intervallo
821 1498 1115 1589 postea·Enninm
1140 1522 1214 1564 cum
1230 1499 1316 1564 Cae-

228 1608 305 1678 cilio
333 1625 366 1674 et
391 1608 553 1675 Terentio
580 1609 744 1678 floruisse
758 1612 947 1682 mentiatur.

731 1802 824 1890 sr-
880 1757 923 1799 ⁴

325 1952 437 2044 Ipsam
469 1952 571 2046 igitur
602 1949 760 2018 historiae
802 1949 907 2018 fidem
940 1970 1074 2020 secutus
1103 1953 1171 2020 hoc
1196 1951 1317 2020 ordine

226 2085 370 2136 vetustos
398 2066 630 2133 ‘Romanorum
668 2083 785 2158 poetas
823 2091 897 2133 sese
936 2069 1099 2161 excipere
1139 2070 1319 2136 Terentius

226 2182 347 2251 voluit:
385 2184 571 2257 Naevium,
596 2177 782 2256 Plautum,
814 2182 987 2248 Ennium:
1022 2206 1122 2275 quem
1161 2181 1316 2252 ordinem

228 2298 328 2364 etiam
358 2295 507 2363 isidorus
544 2294 684 2361 servavit
717 2294 811 2385 Orig.
838 2294 899 2373 IX,
926 2301 957 2375 1,
984 2301 1016 2368 7.
1065 2297 1110 2364 Vt
1129 2299 1319 2387 perversis.

227 2412 471 2479 simeEunium
485 2411 653 2477 Naevium
662 2407 839 2485 Plautum,
863 2411 930 2477 hoe
946 2409 1084 2503 quidem
1099 2409 1229 2492 ordine,
1243 2436 1320 2479 eum

228 2525 283 2593 alii
309 2545 377 2593 tum
402 2523 611 2593 Rcinhardus
636 2527 672 2590 in
694 2527 835 2591 Terent.
859 2550 891 2615 p.
922 2526 993 2598 192
1019 2523 1213 2613 collocarit,
1247 2526 1321 2596 En-

228 2645 322 2706 nium
343 2641 511 2706 Naevium
535 2638 672 2705 Bothius
699 2639 829 2731 Fragm.
859 2663 954 2720 com,
981 2640 1134 2706 Ennium
1156 2636 1321 2707 Plautum

227 2756 388 2846 Meyerns
414 2752 551 2820 Anthol.
576 2750 644 2832 lat,
672 2754 820 2844 quamvis
847 2754 993 2819 Ennium
1020 2771 1240 2821 contestatum
1263 2755 1323 2819 ha-

227 2869 367 2935 beamus
394 2868 530 2934 omnino
557 2883 633 2933 ante
659 2864 807 2933 medium
835 2866 1006 2933 saeculum
1028 2885 1179 2948 sextum,
1206 2893 1249 2933 ne
1273 2869 1322 2932 vi·

229 2982 320 3050 disse
336 2981 476 3075 quidem
485 2983 636 3052 Romam.
670 2983 723 3048 Ne
745 2981 820 3073 quis
836 2999 948 3048 autem
968 2981 1107 3049 ulterius
1124 2979 1320 3074 progredia-

230 3114 285 3162 tur
310 3097 441 3187 etipse
468 3093 592 3160 Naevio
622 3093 775 3162 Plautum
799 3097 948 3189 potuisse
983 3097 1144 3164 maiorem
1179 3118 1252 3162 esse
1281 3120 1321 3159 ex

230 3234 271 3279 eo
296 3207 447 3302 colligat,
480 3206 574 3299 quod
607 3206 809 3300 plerumque
843 3209 923 3277 huic
955 3209 1084 3276 nomini
1114 3208 1213 3275 illud
1228 3227 1323 3300 post-

229 3324 376 3418 ponitur,
399 3340 434 3389 ut
460 3322 530 3389 Cic.
557 3320 600 3387 de
624 3320 767 3414 Republ.
793 3321 815 3387 l.
834 3349 880 3402 e.,
913 3322 958 3390 de
985 3309 1077 3390 orat.¹
1095 3320 1155 3400 Ill,
1182 3325 1238 3401 12,
1261 3318 1321 3400 45,
1405 3394 1406 3397 Ἴ

230 3440 322 3505 Brut.
348 3463 377 3514 c,
401 3438 458 3515 18,
481 3434 618 3506 Tuscul.
646 3434 671 3500 I.
698 3442 737 3517 1,
771 3436 864 3522 (item
889 3463 908 3504 a
932 3436 1041 3524 Mario
1074 3435 1251 3503 Victorino
1279 3431 1322 3515 ΙΙ,

229 3578 264 3644 p-
291 3547 390 3622 9524
419 3554 455 3615 P.
491 3550 578 3636 (106
604 3546 742 3634 Gaiss.):
780 3549 873 3640 apud
894 3547 1056 3618 Plautum
1089 3565 1124 3613 et
1154 3550 1323 3625 Naeuium

230 3682 265 3732 et
289 3669 479 3752 Afranium
490 3661 515 3748 z)
549 3686 615 3731 uno
650 3664 753 3730 verbo
782 3688 905 3731 moneo
931 3663 1084 3731 Plautum
1109 3665 1224 3756 priore
1248 3663 1324 3730 loco

229 3780 313 3874 poni
348 3778 484 3850 solitum
517 3803 591 3844 esse
617 3796 654 3844 ut
679 3776 926 3863 familiariorem
952 3778 1200 3870 gratioremque
1226 3778 1326 3845 Cice-

232 3894 317 3960 roni.
369 3895 569 3985 Quanquam
602 3917 646 3957 ne
673 3908 865 3960 constanter
898 3889 1041 3982 quidem
1074 3892 1123 3957 sie
1157 3888 1243 3956 illud
1274 3892 1327 3953 in-

232 4008 354 4085 stituit,
389 4005 450 4073 sed
483 4008 616 4075 inverso
648 4004 768 4073 ordine
799 4006 962 4073 Naevium
985 4006 1208 4099 Plautumque
1233 4028 1324 4072 eom-

233 4138 397 4188 memorat
421 4119 495 4187 Cat.
526 4121 603 4187 mai.
632 4144 661 4189 c.
691 4118 745 4188 tt.
