2820 5332
807 604 818 633 ὗ

466 679 714 722 nosreaaaaua
741 676 932 722 ratvrtnrc.
1035 664 1044 679 ⁶
1161 650 1234 725 473

157 847 337 919 intervallo
375 865 440 913 tam
475 846 616 914 similem
644 872 774 914 versum
803 847 844 913 al)
871 871 910 914 eo
936 862 1035 938 poeta
1072 847 1234 928 iteratum,

159 992 261 1061 quem
294 964 394 1057 longe
420 961 518 1029 alium
549 987 648 1029 nosse
680 961 815 1030 videor:
848 960 1051 1055 languetque
1085 963 1237 1056 prolecto

163 1085 245 1147 haec
270 1082 400 1146 iteratio
429 1102 470 1146 eo
495 1081 619 1171 magis,
643 1077 736 1170 quod
760 1079 967 1171 paucissimis
994 1095 1070 1171 post
1088 1081 1237 1145 versibus

158 1223 289 1263 rursum
326 1195 443 1260 similia
468 1196 568 1260 verba
594 1194 683 1259 idem
710 1193 949 1286 Theuropides
974 1194 1058 1260 haec
1083 1194 1234 1261 subiicit:

259 1313 343 1401 Qnis
366 1334 417 1374 me
443 1309 543 1374 hodie
568 1309 729 1399 exeinplis
758 1308 814 1374 ille
839 1307 1034 1399 ludificatus
1058 1324 1119 1373 est.

161 1429 323 1512 Quocirca
349 1426 464 1491 nescio
491 1450 532 1488 an
557 1423 692 1491 illorum
715 1425 798 1491 hacc
814 1424 915 1490 suerit
929 1425 1067 1516 pristina
1085 1423 1235 1516 specics:

257 1543 392 1615 Viciae,
414 1544 513 1632 perii,
538 1543 663 1604 interii.
714 1562 761 1607 ει.
787 1539 951 1633 numquid
971 1541 1102 1606 Tranio

183 1658 230 1725 38
257 1657 291 1720 T
287 1655 442 1721 orbavit?
493 1677 554 1720 ΤΗ.
581 1658 679 1719 immo
706 1660 752 1719 mi
776 1654 970 1720 exturbavit
995 1659 1120 1720 ornnia.

181 1769 229 1839 40
252 1795 300 1838 s1.
327 1763 477 1862 Quidni
502 1771 578 1836 ais?
638 1793 699 1837 Νι.
726 1771 810 1836 lraec
836 1794 891 1835 res
912 1764 962 1837 sic
987 1787 1039 1836 est
1064 1786 1101 1835 nt
1127 1763 1234 1834 norro'

652 1884 724 1952 tihi.

188 1997 231 2067 41
261 1997 524 2092 Deln'dificctnst
550 2024 601 2066 me
627 1996 727 2067 liiidie
753 2006 790 2067 in
813 1997 1012 2094 perpetuo'm
1033 1997 1215 2082 modum.*)

257 2118 358 2182 Nunc
383 2134 417 2182 te
442 2113 581 2181 o'bsecro
607 2133 644 2182 nt
669 2141 721 2182 me
737 2113 821 2183 be'ne
835 2122 925 2183 iuves
947 2116 1150 2209 operdrnqoe
1165 2115 1234 2181 des.

159 2234 205 2298 Vt
231 2234 320 2298 enim
345 2259 373 2298 v.
395 2231 439 2302 41
470 2236 578 2327 potius
605 2260 703 2327 quam
729 2235 775 2303 39
801 2259 949 2315 servem,
976 2232 1060 2301 illud
1083 2258 1137 2298 me
1163 2257 1235 2298 mo-

158 2365 220 2426 vet,
247 2347 339 2441 quod
366 2348 520 2441 indignis
542 2351 649 2417 modis
674 2352 817 2443 potuita
839 2348 1071 2416 recordatione
1092 2347 1235 2415 Plautini

159 2490 271 2530 versus
298 2467 356 2557 qui
381 2485 430 2531 est
455 2463 538 2530 llud.
566 2466 589 2543 l,
612 2468 645 2543 ἢ,
672 2465 718 2533 59
744 2466 809 2531 huc
835 2466 1004 2556 irrepere:

254 2576 498 2671 Deludificavit
525 2575 575 2645 md
599 2580 656 2645 ille
682 2580 780 2644 lsomo
806 2574 960 2670 indignis
983 2578 1100 2644 modic.

159 2703 354 2789 Quanquam
377 2694 585 2762 dissimulare
624 2696 702 2763 nolo
737 2698 834 2761 etiam
858 2693 957 2760 aliam
986 2711 1101 2787 patere
1134 2694 1236 2759 corri-

159 2813 262 2905 gendi
287 2812 380 2876 viam.
431 2813 542 2878 Potuit
567 2813 654 2878 euim
670 2837 847 2904 perperam
866 2811 988 2876 iteratis
1006 2809 1124 2887 verbis,
1150 2832 1235 2901 quae

159 2947 235 2996 sunt
258 2926 522 3019 Deludistcctnst
547 2952 599 2992 me
619 2926 729 3007 hodie,
755 2925 894 3018 aliquod
916 2924 1162 2992 hemistichium
1177 2947 1235 2990 ex-

160 3043 268 3123 trudi,
294 3042 383 3110 velut
405 3043 485 3109 hoc:

599 3181 662 3225 Νι.
685 3162 784 3224 immo
807 3163 855 3224 mi
877 3157 1071 3225 exturbavit
1095 3163 1220 3223 omnia,

185 3276 231 3345 39
258 3267 507 3364 Delddisicotus
529 3267 580 3338 e'st
601 3297 653 3338 me
678 3272 779 3338 hodie
806 3251 964 3365 indignis
989 3272 1106 3341 modis.

259 3413 309 3458 c1.
337 3387 430 3479 Quid
450 3405 487 3456 tn
509 3388 585 3455 ais?
643 3411 704 3456 nn.
730 3388 815 3455 liaeo
839 3413 894 3455 res
918 3393 968 3456 sic
991 3405 1043 3455 est
1069 3405 1106 3454 nt
1131 3412 1238 3455 narro

650 3502 723 3573 tibi.

186 3619 229 3688 41
262 3616 491 3712 [Dispe'rdidit
517 3620 595 3685 med
617 3615 689 3710 ille]
717 3624 754 3688 in
778 3617 975 3713 perpetno'm
1000 3620 1145 3686 modum.

160 3741 203 3802 Et
227 3737 396 3804 fatendum
421 3754 471 3803 est
496 3754 598 3818 certe,
624 3736 722 3831 longo
749 3736 956 3805 commodius
973 3735 1125 3830 intelligi,
1152 3764 1236 3830 quo·

217 4016 245 4082 *)
263 4013 325 4064 lt'am
345 4022 372 4064 ut
390 4031 435 4082 per
453 4030 482 4066 ae
500 4015 538 4065 illi
559 4030 650 4066 versus
670 4017 746 4066 etiam
766 4015 804 4065 sic
823 4015 933 4066 invisam
954 4030 1013 4066 sess
1032 4015 1153 4083 excipere
1173 4031 1235 4084 pos·

267 4110 319 4160 sint
337 4124 387 4159 non
407 4108 625 4176 improbabiliter:

647 4205 697 4262 Til,
716 4205 791 4254 inmo
811 4205 847 4255 ni
864 4205 1009 4257 celerioris
1024 4206 1119 4257 Μία.

356 4298 549 4365 Deludifiautcst
562 4317 601 4353 ns
619 4300 693 4351 leodis
711 4300 902 4368 inperpetuum
918 4302 1026 4354 modun.

358 4393 401 4444 Sl.
422 4395 489 4457 Quid
505 4404 533 4446 tu
548 4393 610 4445 ais?
649 4394 700 4449 ΤΗ.
718 4393 783 4446 iaec
799 4412 841 4446 res
857 4396 896 4447 sic
915 4404 953 4448 cst
968 4405 996 4449 ut
1015 4413 1096 4449 norro
1113 4399 1167 4450 tili.

361 4489 436 4539 Nunc
453 4497 477 4540 te
494 4489 598 4540 obsecro
614 4503 636 4540 c.
655 4505 680 4559 q.
700 4505 721 4540 a.

267 4590 349 4632 tamen
371 4584 397 4634 in
416 4582 569 4647 hoccasio,
597 4599 630 4635 ns
648 4601 752 4652 prorsus
770 4593 878 4654 vagetur
895 4587 1060 4655 coniectura,
1086 4591 1242 4660 perculerit

268 4677 300 4732 ab
317 4693 350 4730 eo
366 4693 442 4749 mem
462 4678 520 4733 libri
539 4679 674 4749 prodidere
693 4680 783 4735 ordina
801 4658 877 4737 ctare.
