2820 5332
439 653 605 697 ratarum
633 652 826 698 rurvrrntr.
1099 634 1169 707 535

96 839 257 913 utroque,
282 819 356 887 Vra.
380 823 577 912 posteriore.
628 825 738 889 lllinus
765 825 865 889 etiam
891 827 1052 919 ambiguis
1074 832 1172 895 vcsti-

96 937 154 1028 giis
181 937 456 1028 lrequentatiram
483 937 624 1004 latitare
655 938 794 1005 formam
819 939 961 1005 Plautini
995 941 1072 1007 libri
1109 943 1173 1010 alio

96 1053 170 1121 loco
198 1069 365 1132 testantur,
387 1055 466 1120 item
492 1056 680 1120 Trinummi
706 1054 749 1134 ll,
776 1057 809 1135 2,
839 1051 882 1123 14
909 1056 995 1141 (292
1015 1056 1089 1141 H.):
1116 1062 1173 1126 ubi

98 1192 171 1234 eum
193 1191 330 1258 prorsus
356 1166 475 1233 eadem
501 1166 740 1259 depravatione
767 1170 849 1235 haec
872 1169 1067 1262 vulgentur:

193 1284 284 1351 Nam
306 1278 473 1350 limares
495 1279 660 1350 nmidmm
691 1283 855 1364 laudant,
895 1280 1030 1350 eo'sdem
1055 1287 1069 1351 l
1080 1305 1173 1353 utu-

685 1399 784 1464 lant
809 1395 891 1490 quo's
917 1399 1129 1478 collaudant,

99 1526 206 1576 umen
243 1537 306 1603 pro
343 1514 486 1579 barbara
524 1514 672 1580 latalant
712 1514 817 1581 forma
860 1513 955 1580 libris
994 1515 1037 1581 ad
1074 1542 1177 1583 unum

100 1627 270 1707 omnibus,
297 1629 394 1695 etiam
418 1630 657 1709 Ambrosiano,
688 1628 723 1694 id
750 1629 919 1720 proditum
948 1650 1013 1706 est,
1040 1631 1132 1723 quod
1158 1658 1176 1696 a

99 1764 177 1805 vera
200 1745 363 1834 scriptura
388 1746 484 1812 unius
518 1762 643 1811 tantum
671 1743 800 1810 litterae
832 1743 1024 1811 discrimine
1060 1744 1176 1813 distat:

101 1852 252 1927 latitant.
282 1860 325 1924 Et
351 1859 404 1925 hic
430 1858 566 1952 quidem
589 1857 681 1952 quod
697 1859 908 1925 Hermannus
935 1885 1069 1953 quoque
1090 1860 1176 1928 illud

103 1969 250 2039 lutulant
280 1972 429 2055 sustulit,
467 1974 502 2040 id
527 1976 605 2042 lecit
638 1972 818 2041 catalectici
844 2000 956 2040 versus
982 1975 1178 2056 restituendi

102 2109 233 2171 caussa3
271 2090 318 2155 sic
346 2092 435 2156 enim
463 2091 547 2158 haec
573 2098 653 2157 non'
669 2114 747 2158 sane
772 2089 894 2155 leniter
921 2090 1088 2156 immutata
1115 2117 1179 2157 una

103 2226 177 2268 cum
201 2205 362 2295 proximis
390 2206 623 2273 conformavit:
765 2286 768 2291 ¹

199 2317 386 2386 La'crumas
412 2320 496 2388 lraec
522 2318 615 2396 milrt,
638 2345 738 2413 quom
764 2300 881 2395 video,
915 2314 1076 2395 ellcr‘unt,
1101 2325 1182 2413 quia

691 2460 757 2524 ego
784 2435 831 2500 acl
854 2431 917 2499 lro'c
942 2461 1052 2526 genus

198 2547 385 2619 Ho'minum
410 2547 533 2620 duravi
545 2602 552 2617 .
576 2556 657 2645 quin
680 2556 776 2642 prins
798 2574 849 2616 mc
875 2551 925 2616 ad
944 2546 1051 2643 plrlris
1074 2575 1182 2643 pena-

592 2729 596 2737 .
694 2661 813 2733 traci?
840 2691 920 2733 narn
946 2672 974 2733 it

202 2777 320 2850 Μόνος
353 2777 518 2850 maiorrim
551 2782 765 2849 collaudant:
805 2777 961 2862 cdsclcm,
995 2807 1077 2873 quos
1108 2782 1182 2847 lau·
1273 2801 1276 2805 ’

691 2897 794 2975 da'nt,
819 2898 941 2964 lictant.

106 3014 146 3078 In
173 3015 294 3106 quibus
318 3040 360 3081 ne
385 3017 451 3108 ipsi
476 3014 614 3109 quidem
641 3041 730 3082 nunc
756 3014 934 3107 placeres
968 3039 1025 3080 sua
1051 3033 1185 3081 senten-

109 3129 152 3193 tia
178 3128 342 3220 dirempta
364 3149 397 3196 et
412 3131 582 3223 superiori
598 3132 709 3196 versui
732 3127 930 3222 agglutinata
951 3153 1031 3192 nam
1049 3132 1075 3194 ii
1086 3129 1187 3194 verba

105 3243 266 3334 suspicor.
316 3243 390 3311 Nec
415 3245 593 3312 necessitas
618 3243 801 3312 catalectici
825 3268 938 3310 versus
965 3239 1132 3308 efficiendi
1152 3243 1187 3307 in

104 3358 171 3425 hoc
196 3357 357 3425 liberiore
380 3379 560 3427 metrorum
586 3384 715 3453 genere
742 3375 831 3423 tanta
867 3382 939 3423 esse
965 3355 1118 3437 videtur,
1152 3374 1189 3423 ut

105 3498 173 3540 non
201 3476 297 3540 etiam
325 3476 359 3539 in
387 3472 569 3542 acatalecto
595 3475 763 3566 acquiesci
790 3473 914 3566 possit,
949 3469 1083 3564 qualem
1115 3472 1187 3539 sinc

104 3587 171 3654 ulla
194 3592 374 3656 mutatione
399 3607 512 3656 nostra
546 3592 663 3683 optimi
696 3588 775 3655 libri
801 3587 1038 3656 Ambrosianus
1073 3605 1106 3655 et
1131 3613 1187 3654 ve-

105 3723 154 3773 tus
182 3707 365 3773 Camerarii
388 3704 591 3798 prodidere:

183 3825 272 3888 Nam
299 3817 332 3888 el
358 3846 469 3888 mores
494 3817 658 3889 maio'rum
683 3819 847 3887 laudant:
874 3814 1008 3882 eo'sdem
1033 3817 1189 3892 lutitant,

697 3931 780 4027 quo's
806 3931 1015 3998 collaudant.

107 4053 138 4117 A
162 4049 284 4142 quibus
314 4049 409 4117 libris
445 4049 570 4144 reliqui
605 4051 640 4115 in
662 4049 728 4115 hoc
762 4070 828 4113 uno
858 4045 1057 4125 discedunt,
1091 4044 1185 4138 quod

109 4185 274 4232 extremae
302 4163 387 4232 dnae
417 4165 550 4234 voculae
564 4189 647 4257 quos
673 4161 870 4229 collaudant
894 4161 980 4228 sorte
1005 4161 1186 4229 intercide·

110 4297 196 4346 runt.
223 4283 256 4345 ci
279 4298 387 4346 autem
413 4306 476 4374 pro
504 4280 540 4345 ln‘
566 4284 638 4371 ipre
665 4279 905 4344 Ambrosianus
932 4276 1100 4369 praebuit.
1126 4276 1191 4345 Su-

108 4398 297 4490 perioribus
334 4398 484 4462 versibus
519 4395 650 4463 duobus
693 4392 874 4489 quidiam
913 4390 1102 4461 faciendum
1137 4393 1188 4471 sit,

83 4511 225 4577 'haeret
253 4509 425 4578 iudicium.
481 4511 520 4575 lu
550 4525 709 4603 promptu
739 4527 790 4574 est
823 4524 951 4576 serrata
983 4507 1191 4602 reliquorum

113 4625 332 4721 dispositione
356 4626 601 4694 Hermanniana
627 4624 793 4695 scribere:
