2820 5332
214 677 287 751 382
607 699 647 742 rt.
673 699 715 743 ns
738 699 913 747 verennes

110 886 132 936 .’
217 873 418 942 satisfactum
443 898 518 940 esse
542 871 706 942 Sisennae
729 872 812 946 fidei
837 873 945 944 videri
971 891 1098 969 potest:
1139 899 1208 943 non
1243 899 1309 970 po-

217 1008 284 1059 test
306 989 476 1056 Plautinae
501 991 564 1057 arti
590 1009 622 1057 et
645 989 835 1084 elegantiae.
879 992 1048 1058 Rationem
1076 989 1309 1060 desideramus

217 1105 396 1200 prosodiae
421 1109 558 1198 praeter
585 1123 710 1173 certam
736 1106 1016 1174 consuetudinem
1040 1107 1192 1174 variatae.
1241 1111 1309 1179 Vix

216 1223 306 1288 enim
332 1220 398 1289 huc
421 1220 669 1290 accommodari
693 1219 779 1288 illud
802 1223 949 1314 poterit,
989 1221 1082 1316 quod
1119 1224 1152 1288 in
1188 1223 1308 1294 similis

215 1337 289 1405 soni
314 1337 416 1402 verbo
442 1336 573 1402 latrare
607 1336 729 1403 factum
761 1353 838 1430 post
861 1339 1017 1406 Vossium
1051 1339 1233 1406 Aristareb.
1260 1341 1306 1421 11,

220 1454 264 1525 :6
291 1478 326 1546 p·
351 1453 424 1523 222
448 1453 487 1520 C.
511 1456 548 1519 L.
574 1451 807 1521 Schneiderus
832 1453 980 1520 Gramm.
1005 1451 1061 1519 lat
1084 1453 1150 1530 Li
1181 1480 1214 1547 p.
1232 1453 1306 1528 680

217 1570 345 1636 statuit:
371 1569 463 1635 cuius
487 1567 626 1662 quidem
652 1569 747 1636 verbi
770 1571 878 1660 prima
903 1568 1028 1662 syllaba
1055 1570 1237 1662 antiquitus
1258 1574 1308 1637 ri-

217 1681 317 1749 detur
348 1707 411 1775 pro
444 1682 541 1775 longa
577 1683 677 1750 luisse
704 1707 742 1750 nc
769 1685 956 1775 posteriore
982 1682 1117 1750 demum
1141 1704 1247 1751 aetate
1269 1687 1305 1752 iu

215 1792 328 1864 laisum
366 1797 478 1863 talium
522 1776 767 1866 societatemn
805 1800 913 1889 poetis
943 1822 1016 1864 csse
1048 1799 1167 1879 ascita,
1194 1799 1306 1892 qualia

216 1957 293 2006 sunt
309 1912 433 2030 pistris,
462 1934 638 2029 pltariitra.
688 1938 761 2003 Nee
788 1955 883 2004 certe
918 1923 1106 2004 necessario
1131 1956 1306 2031 correptae

216 2053 250 2120 in
276 2054 430 2119 latrones
461 2078 542 2121 voce
575 2051 875 2145 autepaenultimae
900 2051 1089 2119 Plautinum
1115 2052 1305 2147 exemplum

215 2184 319 2236 exstat
344 2185 477 2264 praeter
501 2167 605 2235 Stich.
629 2169 654 2247 I,
680 2171 714 2248 2,
742 2166 806 2238 76:

315 2291 418 2351 vosne
443 2283 598 2350 latrones
628 2298 663 2349 et
694 2281 867 2350 mendicos
892 2281 1051 2348 homines
1076 2286 1197 2372 magni
1215 2307 1304 2375 pen-

810 2399 917 2465 ditis?

214 2515 318 2611 idque
337 2518 447 2609 ipsum
474 2516 663 2607 ambiguum
687 2530 888 2607 propterea,
925 2513 1016 2607 quod
1049 2514 1091 2580 ad
1113 2511 1303 2580 similitudi-

214 2659 292 2701 nem
306 2637 375 2707 vr'n,
397 2632 504 2697 andin
518 2632 697 2698 formarum
716 2657 757 2697 cx
781 2635 883 2712 vietae,
898 2629 1043 2696 audisne
1060 2648 1302 2698 contractarum

214 2750 325 2843 potuit
346 2750 483 2816 sortasse
510 2750 607 2814 etiam
635 2770 738 2812 vosne
762 2772 823 2811 una
851 2745 977 2839 syllaba
1003 2749 1030 2814 si
1057 2749 1164 2812 minus
1190 2748 1304 2828 scribi,

216 2883 249 2932 at
280 2864 499 2959 pronuntiari,
538 2864 735 2956 pracsertim
781 2889 854 2928 cum
887 2861 1014 2956 aliquid
1039 2861 1213 2928 molestiae
1247 2862 1307 2929 ille

217 2979 368 3073 dactylus
402 2980 550 3046 liaberet.
598 2979 667 3047 Sed
706 2996 815 3044 tannen
851 3004 916 3045 nec
952 3005 1027 3047 cum
1053 2979 1183 3043 latrare
1208 2979 1303 3043 verbi

216 3094 321 3187 stirpe
348 3096 526 3187 quiequam
554 3118 729 3160 commune
750 3095 874 3159 habent
901 3095 1068 3170 latrones,
1095 3119 1159 3161 uec
1179 3095 1220 3160 ab
1239 3093 1304 3160 alia

215 3209 331 3277 radice
355 3209 430 3288 ulla,
446 3209 549 3275 *culus
576 3208 711 3301 quidem
739 3208 834 3302 longa
859 3212 901 3274 sit
928 3209 1062 3288 voculis,
1101 3209 1178 3276 duci
1202 3235 1303 3303 posse

217 3325 307 3391 latro
334 3325 481 3391 videtur:
520 3326 588 3392 sive
628 3350 704 3391 cum
728 3326 883 3390 Varrone
909 3328 1031 3419 cogitas
1059 3323 1304 3401 delatoribus,

105 3446 108 3453 ’
216 3442 284 3506 sive
311 3438 353 3506 de
378 3439 518 3504 latendo
542 3466 616 3506 com
643 3440 811 3506 Prisciano
839 3441 896 3519 IV,
922 3444 944 3508 ‘l
972 3467 1004 3533 p.
1034 3437 1104 3508 144
1130 3443 1200 3521 Kr.‚
1234 3442 1303 3507 sive

217 3557 388 3634 Varronis,
415 3557 503 3621 Festi
530 3557 705 3648 Serviique
732 3556 913 3622 sententiae
942 3556 1032 3623 cedis
1064 3560 1134 3623 veri
1157 3559 1303 3624 omnium

218 3670 414 3752 simillimae,
441 3673 499 3765 qui
525 3669 709 3766 ολάτρον,
735 3670 925 3765 λατρεύειν
945 3688 1053 3738 ortum
1073 3671 1303 3764 perhibent*)

267 3783 330 3876 (5.)
358 3789 480 3854 Verbis
507 3787 710 3881 aliquantum
737 3786 928 3880 perplexis,
961 3786 1023 3852 sed
1057 3787 1155 3881 plana
1192 3805 1304 3854 tamen

218 3903 381 3970 sententia
420 3920 554 3968 testatus
588 3921 637 3969 cst
672 3905 810 3972 Sisenna
846 3908 879 3970 in
906 3904 1160 3996 Anrplritruouis
1194 3901 1305 3994 aliquo

218 4017 294 4086 loco
332 4036 495 4113 qrtattuor
527 4019 711 4110 generibus
751 4045 904 4085 versuum
942 4017 1105 4084 accedere
1138 4021 1305 4111 quintum,

218 4208 506 4222 ——u—-—-

271 4281 295 4348 ⁴)
321 4280 360 4329 Ile
387 4278 436 4328 hoc
462 4277 562 4328 scholio
590 4278 714 4329 Sisennae
744 4276 808 4327 haec
829 4276 861 4326 ad
888 4292 935 4326 nos
954 4275 1113 4325 Hermanuus
1135 4272 1304 4339 perscripsit:

324 4365 480 4429 „Latronem
506 4364 602 4413 konnta
626 4365 733 4415 Sisenna
762 4360 833 4412 wohl
863 4363 897 4413 im
930 4361 1093 4413 Gornmentar
1119 4375 1176 4410 zum
1201 4359 1308 4410 Rudens

323 4453 395 4504 nicht
412 4468 458 4504 aus
476 4452 572 4503 diesem
592 4451 697 4513 strete,
710 4450 821 4501 eundern
844 4451 870 4500 in
889 4451 961 4500 einer
979 4445 1189 4516 gelegentlichen
1205 4445 1309 4498 astuti.

322 4555 388 4606 rung
414 4540 459 4590 des
485 4540 588 4590 ll'ortes
615 4553 661 4589 aus
683 4537 741 4588 dem
768 4537 891 4589 Curculio
920 4535 1157 4588 erwilrot'hnben.
1196 4533 1311 4586 Unreclrt

319 4625 380 4677 aber
409 4627 452 4678 hat
478 4642 506 4677 er
530 4625 666 4687 dennoch,
695 4624 726 4674 da
751 4625 849 4692 gewiss
867 4624 972 4677 Plautus
996 4623 1038 4674 die
1057 4620 1221 4687 erateSylbe
1239 4621 1311 4672 nicht

321 4713 386 4764 wird
404 4714 465 4782 lang
483 4713 625 4782 gebraucht
643 4711 754 4764 babens·
