2820 5332
237 676 309 752 464
457 707 523 750 nn.
548 704 589 749 ne
618 705 765 750 sarasan
793 704 963 750 scrutantr
989 703 1109 750 osaias

236 884 364 978 paginis
392 898 542 973 septem,
577 905 662 973 qnos
694 877 943 959 desideramus,
975 879 1147 972 potuerint
1181 879 1322 948 divisim

235 1001 351 1092 scripti
377 1023 459 1074 esse,
487 995 599 1089 quales
625 999 730 1062 statim
758 998 790 1060 in
815 998 964 1088 proxima
990 999 1109 1088 pagina
1131 991 1233 1082 (295)
1261 1022 1321 1062 re-

235 1141 311 1184 vera
336 1132 404 1180 tres
430 1111 636 1204 reperimus?
663 1114 858 1203 Quanquam
878 1113 904 1177 si
917 1110 1060 1203 demptis
1076 1137 1125 1180 vv.
1143 1112 1220 1181 130.
1234 1116 1319 1193 131,

235 1252 379 1320 quorum
406 1250 477 1317 cap.
504 1225 520 1288 Ι
543 1225 571 1312 5
593 1227 616 1292 ‘2
640 1227 763 1290 mentio
789 1225 882 1306 facta,
909 1223 991 1290 adeo
1014 1249 1134 1291 novem
1158 1250 1318 1292 versuum

233 1340 444 1409 multitudine
471 1331 626 1406 hodierni
653 1341 780 1404 numeri
807 1341 848 1404 ab
872 1339 1166 1406 Arnbrosianornm
1194 1365 1318 1408 norma

234 1455 375 1535 distent,
399 1434 465 1520 hoe
489 1453 735 1548 propemodum
758 1457 894 1520 nimium
921 1453 1023 1520 suerit
1051 1473 1084 1521 et
1108 1457 1150 1521 ita
1178 1479 1318 1549 compa·

232 1590 358 1652 ratum,
395 1588 432 1636 nt
453 1569 496 1637 de
523 1571 650 1637 omissis
678 1552 875 1663 quibusdam
898 1571 1043 1664 suspicio
1068 1570 1166 1638 valde
1192 1599 1316 1665 augea·
1364 1586 1367 1590 '

232 1703 294 1753 tnr.
344 1686 528 1755 Fatendum
549 1703 598 1752 est
624 1703 822 1752 tamennee
848 1687 889 1751 ab
908 1666 1220 1778 interpolationibus
1244 1712 1314 1754 nec

234 1830 250 1869 a
275 1828 456 1896 perperam
484 1800 533 1869 vel
556 1804 678 1868 iteratis
703 1800 755 1867 vel
782 1802 987 1894 transpositis
1010 1788 1251 1897 usquequaque
1269 1802 1314 1869 li-

232 1919 353 1984 berum
391 1943 463 1984 esse
496 1918 767 1985 Ambrosianum:
805 1918 856 1982 cui
889 1919 1005 2010 generi
1035 1916 1163 2010 longius
1198 1944 1316 2011 perse·
1391 1915 1394 1918 ’

233 2033 370 2125 quendo
396 2035 501 2127 ipsam
524 2058 623 2126 quam
637 2032 837 2099 subiecimus
860 2034 1050 2099 Mentissam
1066 2032 1314 2102 destinavimus.

724 2230 753 2317 §-
789 2232 820 2300 5.

355 2376 424 2444 Sed
455 2377 555 2472 longe
582 2377 807 2471 gravissimum
844 2395 945 2445 restat
971 2396 1003 2443 et
1029 2377 1118 2471 quod
1145 2377 1312 2444 'eiusmodi

233 2495 476 2560 excusationem
501 2492 553 2559 vei
580 2490 723 2586 aliquam
742 2491 983 2559 dubitationem
1001 2494 1132 2559 minime
1150 2491 1312 2558 admittat.

231 2610 314 2675 Nam
341 2627 496 2702 quattuor
521 2611 660 2701 paginae
688 2606 772 2688 illae,
800 2633 885 2700 qnae
912 2626 987 2673 sunt
1013 2608 1207 2675 schedarum
1234 2632 1255 2671 ο
1279 2627 1314 2673 et

228 2751 270 2818 p,
294 2727 436 2817 spatium
459 2723 596 2817 expient
619 2749 678 2789 sex
705 2741 737 2789 et
762 2727 968 2818 septuaginta
995 2750 1159 2791 versuum.
1208 2726 1311 2816 Atqui

234 2839 335 2907 hodie
362 2842 449 2905 inter
473 2840 531 2917 IV,
556 2841 588 2919 Ω,
607 2842 653 2910 75
680 2856 712 2904 et
735 2840 776 2916 V,
803 2841 871 2918 1‚‘2
896 2865 963 2905 non
990 2839 1085 2931 plura
1112 2856 1185 2905 sunt
1211 2865 1312 2930 quam

231 2959 328 3021 nnius
355 2973 388 3021 et
419 2957 655 3047 quinquaginta
679 2955 792 3047 spatia.
856 2957 882 3020 E
908 2981 974 3049 quo
1005 2957 1192 3022 necessario
1226 2979 1309 3021 con-

232 3071 401 3162 sequitur,
427 3069 576 3137 lacunam
601 3095 689 3136 nnnc
716 3095 787 3136 esse
811 3071 843 3134 in
870 3096 932 3135 nna
957 3097 1053 3138 scena
1078 3072 1170 3150 1V,3
1196 3069 1312 3163 viginti

233 3187 382 3279 quinque
406 3210 576 3252 versuum:
613 3186 733 3251 senarii
770 3185 857 3250 enim
891 3203 988 3266 sunt,
1017 3188 1052 3251 in
1084 3210 1149 3278 quo
1188 3209 1310 3278 genere

232 3301 360 3366 numeri
386 3326 539 3367 versuum
562 3325 730 3392 nunqnam
753 3324 821 3365 non
846 3319 1030 3394 congruunt
1059 3302 1206 3367 numeris
1234 3326 1310 3391 spa-

233 3415 364 3483 tiorum.
415 3416 503 3507 Ergo
526 3441 592 3482 non
619 3414 810 3483 ullomodo
838 3415 1085 3498 haesitandum,
1111 3414 1170 3482 sed
1196 3416 1310 3507 inqui·

231 3529 373 3597 rendum
409 3555 475 3622 quo
506 3531 539 3594 in
564 3530 639 3598 loco
668 3530 719 3596 vel
755 3533 875 3624 quibus
902 3534 936 3598 in
963 3532 1044 3601 locis
1077 3531 1164 3597 illins
1191 3556 1308 3598 scenae

232 3648 303 3712 sive
334 3644 376 3710 ad
408 3646 604 3711 sententiam
638 3647 705 3712 sive
741 3647 780 3712 ad
817 3636 1060 3741 grammaticam
1097 3648 1307 3714 rnetriramve

231 3763 391 3829 rationem
427 3761 553 3856 aliquid
589 3761 708 3829 deesse
744 3763 904 3830 rideatur.
955 3765 997 3831 Et
1032 3763 1193 3830 eiusmodi
1228 3789 1307 3828 sane

230 3878 376 3970 primum
400 3878 483 3944 illud
510 3897 566 3958 est,
594 3879 695 3972 quod,
723 3880 779 3944 ubi
804 3879 1041 3972 Theuropides
1057 3879 1186 3945 dixerat
1207 3878 1309 3946 u‘M:

526 3993 618 4088 qnod
643 4020 694 4060 me
717 3994 859 4060 absente
886 4010 994 4061 tecum
1019 3995 1073 4060 iric
1092 3994 1186 4084 fidius

328 4109 461 4199 Negoti
482 4114 606 4200 gessit:

231 4221 322 4290 Simo
349 4225 397 4290 sic
420 4224 618 4318 respondet:

528 4367 654 4407 mecum
681 4359 717 4407 ut
739 4343 794 4407 ille
816 4342 870 4408 hic
893 4347 1050 4433 gesserit,

331 4458 420 4522 Dum
448 4472 484 4521 tu
509 4456 589 4522 ltine
614 4457 707 4532 abes,
733 4461 872 4549 negoti?
896 4459 1058 4551 quidnam
1081 4476 1139 4549 qut
1154 4480 1218 4554 qrro
1233 4458 1311 4524 die?

233 4574 324 4656 Quae
350 4589 513 4639 structura
537 4574 714 4639 verborum
740 4601 815 4642 cum
839 4600 975 4666 prorsus
1001 4576 1114 4644 vitiosa
1131 4593 1185 4641 aut
1200 4578 1312 4667 potius

229 4684 321 4753 nulla
332 4686 384 4769 sit,
409 4688 517 4755 Bothii
533 4686 671 4781 quidem
688 4693 763 4756 satis
780 4690 897 4758 inscito
911 4689 1061 4774 artificio,
1083 4715 1150 4784 quo
1167 4693 1312 4782 negotia
