2820 5332
595 664 817 710 asceannavs.
1170 641 1239 713 401

158 838 289 905 Diutius
323 841 446 906 versari
480 837 514 905 in
549 838 732 931 probandis
757 841 813 918 iis,
847 864 931 932 quae
958 865 1057 933 snpra
1085 840 1172 920 diri,
1206 861 1240 909 et

159 979 213 1020 me
240 952 414 1044 indignum
439 971 521 1045 puto
547 973 580 1020 et
601 953 784 1023 lectoribus
811 973 844 1021 et
864 955 1026 1021 hodierne
1041 958 1242 1023 horumstn-

160 1068 293 1135 diorum
319 1067 410 1134 lucc:
444 1071 570 1135 tametsi
604 1071 673 1136 scia
710 1071 743 1134 ia
769 1072 838 1136 istis
859 1071 992 1162 ineptiis
1020 1071 1244 1139 emaculandis

160 1202 195 1250 et
218 1181 441 1250 resarciendis
467 1183 594 1277 aliquid
619 1184 719 1251 studii
745 1186 771 1256 l.
798 1186 837 1251 ll.
862 1185 1030 1266 vossium,
1056 1185 1159 1253 multo
1186 1213 1243 1253 au·

160 1319 226 1366 tem
258 1299 334 1391 plus
366 1301 517 1392 posuisse
551 1300 720 1381 Botlrinm,
756 1299 974 1393 eundemque
1006 1302 1040 1367 in
1073 1328 1111 1371 ea
1137 1302 1243 1368 Plauti

162 1414 320 1491 editione,
348 1440 445 1506 quam
472 1414 709 1506 elegantiarum
729 1416 899 1481 hominnm
925 1417 960 1481 in
986 1440 1083 1483 usum
1103 1420 1243 1508 pararit,

161 1533 270 1623 ipsum
296 1528 457 1622 Scaligeri
485 1530 644 1595 iudicium
668 1532 915 1621 comprobasse.

261 1648 357 1712 liuns
390 1661 499 1709 autem
535 1643 670 1709 ulterius
709 1646 805 1711 etiam
839 1642 1039 1741 progrediar
1071 1663 1189 1738 atque,
1226 1672 1246 1713 a

161 1786 229 1853 qno
257 1761 373 1825 ficticia
400 1758 456 1824 illa
483 1758 716 1851 supplementa
751 1759 899 1852 prolecta
931 1762 1013 1839 siut,
1042 1761 1244 1852 patefaciam.

160 1874 332 1941 Eiusmodi
355 1874 481 1968 aliquid
504 1899 632 1967 prunus
656 1877 850 1966 signilicaait
875 1875 1032 1941 Gibertus
1054 1875 1245 1968 Longolins,

161 1991 209 2057 sic
237 2009 472 2057 commentatus
498 1993 532 2055 in
559 1989 704 2056 editione
729 1990 920 2057 Coloniensi
948 1991 1061 2082 priore
1087 2016 1116 2061 a.
1142 1992 1246 2069 1530,

160 2108 285 2173 Annot.
313 2109 347 2171 in
371 2106 489 2173 Bacch.
516 2107 605 2172 init:
639 2102 775 2173 Primus
800 2123 897 2172 actus
921 2103 1132 2176 Bacchidem
1155 2105 1247 2172 desi·

161 2223 305 2287 ‹leratnr
330 2247 405 2287 eum
426 2221 582 2313 prologo,
608 2238 780 2287 caeterum
805 2222 897 2315 pund
916 2246 980 2288 nos
991 2221 1246 2296 subnexuimus,

163 2322 235 2403 nori
261 2364 332 2402 esse
357 2339 576 2412 Plautinum,
599 2355 739 2429 praeter
765 2337 822 2415 id,
847 2337 939 2431 quod
960 2342 1034 2430 ipsa
1057 2337 1163 2403 dictio
1183 2361 1247 2427 per
1309 2425 1313 2432 Ι

161 2478 200 2519 re
223 2457 308 2518 satis
334 2470 492 2536 testatur,
518 2457 622 2518 etiam
648 2458 684 2519 in
702 2453 857 2519 Boanana
883 2452 999 2519 codice
1024 2469 1159 2518 tantum
1183 2451 1248 2516 ltoc

163 2568 297 2643 deerat,
317 2573 420 2661 pauci
445 2586 560 2633 tanuen
586 2569 757 2660 mutilique
785 2592 898 2634 versus
915 2567 1117 2654 afferebant
1136 2565 1248 2633 aeduae

165 2690 279 2750 nescio
313 2683 396 2775 qaid
427 2680 635 2752 Plautinum.
690 2682 792 2774 Qrtod
822 2700 935 2749 autem
964 2683 1125 2749 habemus
1150 2680 1247 2747 dedit

163 2803 324 2867 Lascaris
349 2804 591 2887 granamaticus
616 2799 672 2864 ille
696 2823 851 2886 graecas,
881 2815 917 2864 ut
943 2814 1092 2865 testatur
1116 2801 1152 2863 in
1176 2799 1247 2886 epi-

162 2915 252 2980 stola
277 2914 324 2978 ad
349 2914 525 2994 Bemdum,
560 2913 651 3004 qaod
672 2909 859 2982 Messanae
890 2917 928 2977 in
953 2912 1073 2981 Sicilia
1101 2908 1246 2981 inuenit.

164 3029 254 3095 Sunt
280 3030 389 3102 ratolti,
415 3033 473 3120 qui
493 3053 516 3092 a
531 3030 717 3094 Francirco
733 3023 925 3092 Petrarelaa
950 3026 1097 3114 effictum
1113 3041 1245 3114 patent.
1296 3106 1300 3113 ἢ

164 3144 316 3236 Repetite
342 3145 427 3208 haec
453 3144 487 3208 in
514 3142 616 3209 altere
639 3140 790 3233 Longolii
809 3140 1002 3209 Coloniensi
1027 3167 1054 3207 a.
1084 3142 1177 3211 1538
1203 3142 1248 3207 ita

163 3277 240 3324 surrt
264 3287 298 3351 p.
325 3254 408 3337 344,
433 3276 471 3324 ut
496 3284 536 3323 ex
559 3276 655 3350 parte
683 3257 826 3350 intelligi
853 3274 1033 3349 nequeant.
1081 3259 1146 3322 Pro
1180 3254 1251 3327 illis,

164 3377 269 3441 enirn:
302 3390 442 3466 praeter
475 3372 531 3448 id,
562 3371 654 3464 qttod
684 3378 757 3464 ipsa
784 3372 888 3439 dictio
921 3373 1026 3464 posita
1059 3372 1144 3439 haec
1172 3390 1248 3438 sunt

161 3515 228 3557 non
272 3490 402 3555 mutatis
443 3487 598 3580 reliquis:
638 3504 779 3578 praeter
816 3486 869 3555 id:
912 3490 1004 3565 Nam
1044 3486 1137 3582 quad
1175 3491 1249 3580 ipsa

161 3602 276 3671 dictio.
328 3602 396 3670 Sed
423 3604 488 3670 hoc
521 3620 557 3668 ut
582 3605 624 3671 sit
648 3628 724 3670 casa
750 3603 892 3685 sactum,
916 3603 1086 3697 aliquanto
1117 3605 1246 3693 gravius

163 3738 221 3799 cst,
249 3720 351 3812 quod,
375 3746 461 3813 quae
484 3722 519 3785 in
546 3718 624 3788 edit.
652 3720 666 3784 l
695 3718 818 3787 dicitur
842 3720 987 3808 epistola
1008 3719 1056 3782 ad
1071 3716 1246 3791 Bembum,

163 3837 197 3900 in
233 3835 335 3900 altera
368 3834 452 3903 iacta
488 3854 537 3902 est
574 3835 717 3927 epistola
741 3833 908 3928 quaedam
931 3834 1056 3901 Plauto
1076 3829 1245 3923 praefixa.

160 3949 333 4016 Eiusmodi
360 3948 500 4041 epistola
524 3976 600 4018 cum
624 3945 926 4042 impresso·Plauto
948 3944 1032 4013 nulli
1055 3943 1248 4038 praemitta-

165 4085 229 4148 tur,
251 4066 469 4157 conscquitur
491 4082 547 4133 ant
565 4090 664 4131 manu
682 4064 843 4154 scriptum
855 4059 1005 4127 Plantam
1021 4079 1078 4127 aut
1089 4061 1247 4151 scriptum

264 4325 374 4374 nummis
390 4322 598 4385 demandentur,
622 4327 635 4393 ΙΙ
659 4320 774 4375 credant
792 4317 863 4373 iano
880 4321 923 4372 eui
941 4334 1000 4371 cuin
1016 4310 1249 4387 :nonnullius

266 4415 279 4480 ΙΙ
296 4409 557 4460 &comachimmn
567 4410 707 4477 lepitiaratn
721 4425 774 4461 aare
793 4409 889 4460 militis.
905 4413 917 4475 fl
940 4408 997 4460 llas
1014 4407 1070 4475 lupe
1084 4405 1158 4458 utiles
1174 4423 1250 4473 want

266 4507 351 4547 tantan
369 4499 546 4561 conduxerat,
567 4498 580 4569 ss
607 4497 639 4549 ln
656 4514 765 4559 annuat,
791 4506 819 4548 ut
842 4495 882 4548 illi
901 4498 1008 4546 carnut
1025 4495 1203 4547 tantummdo.
1231 4509 1243 4568 p

267 4586 336 4636 Dein
360 4583 445 4636 relatu
469 4583 616 4637 chanaan
636 4585 710 4635 daea
731 4598 810 4634 senaa
832 4586 846 4652 11
877 4583 947 4635 Earn
965 4578 1095 4634 mulierem
1119 4582 1245 4635 a'lcnane

269 4680 377 4738 mptum
392 4686 458 4723 atne
478 4688 532 4725 sao.
564 4672 577 4735 ΙΙ
607 4672 687 4723 Scaea
704 4669 895 4738 guenemari
913 4685 940 4721 se
957 4669 1081 4723 allectm
1096 4666 1245 4722 duellia.

1001 4764 1048 4835 to
