2820 5332
235 737 280 809 16
474 755 495 802 ι.
516 757 558 800 oa
587 754 704 803 anatra
732 759 859 830 aperte
888 759 1076 806 uoututeva.

234 928 293 998 Est
319 932 371 997 bic
394 956 506 999 versus
534 928 583 995 cx'
599 931 639 995 iis
665 931 838 1023 exemplis,
866 959 950 1025 quae
974 958 1164 1028 repugnare
1183 933 1330 1003 Bentleii

236 1046 422 1112 sententiae
456 1046 522 1111 visa
559 1022 656 1126 sm,
691 1071 757 1138 qua
789 1047 817 1111 is
846 1047 980 1149 ‚alienos
1019 1050 1332 1146 m'anuquioribus

232 1162 342 1253 poetis
370 1159 650 1226 substantivorum
675 1163 839 1252 genitivos
863 1164 900 1229 in
927 1165 954 1228 it'
979 1160 1171 1230 desinentes
1204 1165 1333 1233 iudica-

235 1292 332 1342 verat
355 1271 528 1364 solamque
552 1273 817 1340 contractionem
842 1275 1047 1366 probaverat
1071 1279 1201 1345 inTer.
1221 1279 1330 1346 Andr.

232 1389 276 1469 11,
306 1393 337 1468 t,
363 1389 429 1456 20:
469 1384 513 1452 de
548 1413 614 1478 qua
647 1387 788 1480 quidem
827 1392 1055 1458 contractione
1096 1394 1182 1458 mira
1219 1392 1331 1487 nuper

234 1503 459 1577 Koeniuefeo
481 1500 580 1581 libro,
616 1520 719 1594 quem
745 1500 790 1568 de
813 1502 924 1596 lingua
950 1506 1125 1598 epicorum
1150 1505 1330 1574 latinorum

231 1616 348 1694 edidit,
372 1634 406 1683 et
431 1617 582 1684 narravit
608 1635 642 1682 ot
667 1614 783 1683 docuit
809 1642 842 1709 p.
870 1614 928 1688 34.
950 1617 999 1689 60
1024 1643 1076 1712 sq.
1110 1620 1243 1713 itaque
1271 1646 1330 1689 eu..

233 1730 346 1824 pidius
374 1728 459 1795 illud
485 1730 710 1835 arripuerunt,
738 1731 796 1822 qui
822 1729 1006 1798 adversarii
1030 1733 1331 1827 praeceptoBent-

229 1846 340 1913 leiano
356 1845 552 1912 extiterunt:
580 1845 750 1936 inquibus
764 1843 891 1912 nollem
906 1862 985 1913 sano
1001 1845 1128 1940 alioqui
1147 1849 1254 1915 virum
1276 1849 1328 1914 iu-

231 1960 320 2027 dicio
339 1958 560 2051 Spengelium
578 1982 662 2039 esse,
681 1957 725 2026 de
744 1958 820 2027 loeo
834 1957 1107 2030 illouniverse‘in
1116 1963 1216 2032 Vm.
1234 1969 1326 2056 pti

233 2090 524 2142 commentantem.
576 2072 699 2165 Neque
726 2074 833 2152 euim,
873 2091 911 2140 ut
937 2095 1067 2144 ceteros
1092 2087 1329 2169 pertusurae

233 2191 360 2255 mittam
387 2187 593 2280 (quanquam
618 2212 662 2253 ne
688 2187 732 2253 de
760 2188 799 2255 iis
825 2188 965 2282 quidem
988 2189 1041 2258 vel
1058 2191 1220 2261 tantulum
1232 2218 1328 2272 ,acru-

234 2306 307 2400 puli
331 2309 441 2375 animo
468 2304 618 2390 insidet),
645 2305 688 2373 de
715 2305 872 2375 Plautinis
898 2307 1018 2375 sabulis
1045 2313 1329 2405 Terentianisque

235 2422 303 2490 ulla
331 2447 404 2489 esse
428 2421 591 2490 dubitatio
619 2440 738 2513 potest,
765 2423 847 2515 quin
872 2420 1045 2516 idipsum
1077 2423 1172 2518 quod
1194 2450 1251 2493 res
1278 2440 1330 2493 est

234 2539 278 2604 ita
303 2539 517 2630 perspexerit
538 2535 721 2618 Bentleius,
756 2555 808 2619 ut,
840 2539 903 2604 nisi
934 2538 991 2631 qui
1024 2558 1162 2633 praeter
1187 2539 1327 2608 modum

233 2654 338 2720 hebes
361 2655 404 2718 ait
439 2653 490 2739 (ut
522 2651 657 2718 suerunt
693 2678 772 2718 sanc
799 2655 857 2745 qui
883 2652 963 2719 dum
991 2653 1179 2722 emaculare
1203 2680 1238 2722 se
1263 2682 1328 2749 pu-

234 2786 312 2848 tant,
338 2770 556 2860 inquinarunt
579 2767 837 2860 elegantissimas
864 2768 1027 2853 fabulas),
1062 2770 1093 2836 ei
1117 2768 1329 2837 credendum

234 2887 277 2951 sit
303 2903 336 2950 et
357 2882 681 2975 obtemperandum,
721 2909 789 2950 non
824 2883 1081 2950 obtrectandum
1107 2905 1206 2978 atque
1233 2886 1328 2953 obla-

237 2997 399 3064 trandum.
448 3001 537 3090 Ergo
564 3000 636 3064 iure
663 3024 723 3066 suo
750 3001 784 3064 in
811 2997 1023 3065 emendanda
1050 3025 1162 3066 versus
1179 3000 1329 3080 ,Plautini

234 3111 387 3179 labecula
414 3112 468 3177 alii
494 3112 721 3178 elaborarunt:
749 3138 823 3178 cum
844 3136 1000 3180 successu
1017 3139 1087 3181 non
1102 3113 1327 3182 elaborarunt.

235 3229 320 3294 Nam
346 3225 437 3318 quod
462 3227 597 3292 Bothius
623 3226 801 3318 proposuit
825 3223 1076 3302 MarciAttt'ct',
1101 3226 1167 3294 tale
1188 3227 1328 3319 quidem

236 3360 377 3407 acumen
417 3341 538 3405 mirere
580 3358 614 3405 et
641 3338 778 3410 Wolffio
803 3338 937 3430 Prolcg.
973 3341 1141 3408 iuAulul.
1167 3368 1200 3434 p.
1224 3345 1266 3411 17
1295 3358 1329 3412 et

232 3457 289 3522 Fr.
316 3456 435 3520 Haasio
474 3477 550 3520 ann.
584 3455 618 3518 in
652 3454 787 3544 Reisigii
821 3453 934 3520 Schol.
959 3479 1094 3547 gramm.
1120 3481 1154 3549 p.
1184 3453 1231 3526 76
1255 3457 1328 3549 plu·-

235 3595 314 3638 cere
339 3572 506 3662 potuisse:
529 3569 651 3634 rectius
664 3568 871 3660 (quanquam
890 3593 958 3634 non
972 3595 1048 3636 tere
1066 3595 1158 3650 sane,
1185 3587 1221 3635 ut
1237 3592 1327 3637 nunc

235 3683 391 3779 apparet)
419 3685 483 3749 iam
510 3684 663 3750 Osanuus
690 3683 788 3750 Anal.
825 3710 860 3776 p.
892 3685 959 3752 175
996 3685 1104 3751 vereri
1128 3709 1163 3752 se
1187 3685 1329 3764 dixerat,

234 3824 277 3865 ne
302 3797 426 3864 nemini
453 3799 545 3861 istam
560 3792 695 3863 Bothius
719 3797 942 3864 coniecturam
961 3798 1138 3890 probaret:
1165 3824 1228 3867 nee
1246 3823 1329 3891 pro.

233 3915 327 3980 bavit
348 3911 550 3980 Sverdsioeo
578 3914 609 3976 iu
625 3911 790 3979 vindiciis
816 3915 990 4008 praecepti
1015 3912 1200 3980 bentleiani
1227 3916 1328 4007 Rigae

233 4048 266 4096 et
291 4028 437 4119 Dorpati
463 4053 489 4091 a.
519 4029 613 4096 1832
650 4026 748 4093 editis
785 4052 817 4118 p.
845 4024 904 4095 55.
956 4025 1113 4120 Pinguius
1153 4029 1251 4094 etiarn
1284 4030 1326 4093 ab

234 4143 354 4210 eodem
379 4141 498 4208 Botltio
525 4143 717 4232 nuperrime
743 4144 963 4234 excogitatum
993 4138 1117 4212 Marco
1143 4145 1253 4210 Attio.
1278 4177 1325 4189 -

235 4256 324 4339 Quid
351 4255 483 4322 autem?
522 4254 672 4322 Plautino
697 4253 755 4322 ille
777 4256 961 4348 prologus?
976 4294 1019 4310 -
1039 4257 1084 4326 Vt
1105 4259 1206 4352 igitur
1218 4255 1327 4325 Plauti

232 4395 301 4438 non
318 4373 378 4436 sit:
406 4372 483 4457 (nec
499 4395 570 4435 esse
585 4394 665 4435 sane
679 4371 752 4463 ipse
768 4369 884 4455 credo,
900 4369 962 4439 sed
981 4375 1133 4464 profecto
1151 4395 1220 4440 non
1234 4370 1327 4438 illam

235 4488 277 4553 ob
289 4485 466 4570 caussam:)
488 4484 713 4578 quidtandem
731 4509 771 4550 cx
785 4510 825 4551 eo
842 4488 1081 4579 consequitur?
1093 4511 1133 4554 an
1149 4490 1206 4582 qui
1221 4486 1332 4554 Plauti

230 4627 298 4668 non
338 4600 417 4682 suit,
450 4602 607 4668 continuo
643 4625 685 4664 ne
724 4600 839 4666 aetatis
875 4600 1013 4692 quidem
1040 4602 1211 4669 Plautinae
1253 4626 1327 4668 esse
1376 4688 1378 4693 Α

231 4717 496 4787 existimabitur?
549 4716 655 4783 Immo
691 4717 803 4783 acrius
835 4716 932 4782 ctiam
967 4717 1143 4785 instamus:
1177 4718 1328 4810 quamuis
