2820 5332
640 392 645 399 ι

418 681 585 727 artavum
611 683 801 730 servatura.
1077 668 1147 742 573

78 852 248 922 Acidalius
274 875 410 945 quoque
436 852 730 935 commendaverat,
753 856 899 940 Bothius,
923 878 959 927 ut
983 860 1039 929 illa
1053 871 1152 956 quasi
1260 899 1263 913 ·

78 976 124 1037 sit
154 972 358 1063 per-agrinus
388 968 554 1035 haberent
583 993 650 1061 quo
683 971 907 1054 referrentur,
945 1001 1078 1044 versum
1103 981 1150 1050 39

78 1085 262 1154 collocabat
286 1101 364 1175 post
388 1081 445 1151 36.
508 1085 614 1166 Quem
645 1086 681 1151 in
718 1111 757 1153 eo
797 1105 929 1162 secutus
963 1091 1150 1176 Goellerus,

78 1200 139 1270 sed
166 1202 209 1266 ita
232 1218 364 1267 secutus
389 1217 425 1266 ut
450 1197 547 1264 simul
571 1224 703 1266 versum
724 1203 770 1274 37
796 1205 944 1295 permira
972 1206 1152 1278 collocaret

77 1335 151 1384 ante
178 1316 244 1396 dt,
267 1312 352 1389 nihil
377 1330 487 1380 tamen
514 1312 653 1381 offendit
679 1316 714 1381 iu
739 1342 894 1384 versuum
918 1321 975 1390 38.
1001 1318 1049 1391 40
1073 1348 1153 1392 con·
1181 1368 1191 1389 ,

78 1424 241 1520 ῐίηυίῑειιεζε
266 1453 407 1522 quorum
432 1430 652 1521 posteriorem
678 1432 814 1499 Bothius
841 1433 979 1526 quidem
1006 1438 1095 1505 iuter
1118 1466 1150 1507 v.

78 1546 125 1617 45
146 1546 234 1615 erto
260 1545 429 1628 inserebat
449 1542 526 1611 loco
551 1545 774 1636 ineptissimo,
801 1546 910 1615 deleri
936 1570 1044 1617 autem
1067 1555 1152 1623 iusto

78 1662 217 1733 calidius
243 1661 378 1726 iubebat
403 1658 561 1752 Scaliger.
596 1660 753 1727 Omnium
778 1682 888 1731 autem
906 1666 1051 1759 primum
1067 1668 1154 1736 illud

77 1775 261 1846 videndum
285 1794 372 1855 erat,
410 1776 513 1842 verba
545 1794 729 1868 quaesunt
755 1784 853 1869 quasi
874 1785 920 1846 sit
946 1788 1152 1874 peregrinus

75 1917 145 1959 non
170 1891 233 1958 alio
270 1892 334 1957 nisi
356 1889 399 1955 ad
428 1888 624 1987 exornandi
647 1889 780 1974 niodum
802 1900 1024 1985 peregrinum
1045 1901 1153 1989 pcrti-

76 2033 169 2076 nere.
203 2006 323 2073 Fidem
348 2008 421 2099 ipse
443 2023 544 2099 poeta
568 2005 682 2085 faciat,
710 2009 801 2074 cuius
824 2008 906 2077 hacc
930 2029 1008 2079 sunt
1030 2013 1152 2080 Persae

77 2125 104 2207 Ι,
130 2128 162 2205 3,
189 2126 235 2194 74
252 2148 345 2216 sqq.:

178 2261 261 2308 sax.
287 2237 416 2329 Lepide
450 2237 562 2304 hercle
594 2237 689 2308 dicis.
727 2255 780 2306 set
804 2244 879 2307 scin
904 2241 987 2333 quid
1000 2247 1153 2331 facias?

667 2377 749 2445 cape

178 2472 342 2539 Tunicam
366 2485 468 2560 atque
493 2492 620 2535 zonam
654 2484 690 2533 et
722 2467 933 2558 chlamydem
968 2471 1091 2561 afferto
1119 2495 1152 2544 ει

664 2606 827 2657 carreiam,

185 2704 295 2794 Quam
321 2701 376 2766 ille
403 2677 543 2778 lrabeat,
571 2703 631 2791 qui
653 2698 743 2763 liaris
768 2699 888 2763 lcnorri
915 2698 992 2766 lvnic
1018 2702 1152 2770 vendat.

665 2835 747 2881 sAr.
776 2837 817 2878 eu
839 2812 956 2903 probe.

182 2957 264 3005 mox.
296 2935 405 3025 Quasi
427 2935 472 2996 sit
492 2932 706 3020 peregrinus.
738 2951 818 2995 Μ.
841 2927 952 2995 laudo.
979 2949 1154 2999 roratum

666 3060 700 3107 et
724 3061 870 3134 gnatam
893 3060 986 3109 tuum

182 3168 351 3235 Ornatam
376 3158 508 3226 adduce
531 3156 641 3249 lepide
666 3162 703 3222 in
725 3162 947 3248 peregrinum
968 3157 1112 3225 niodum.

85 3282 307 3373 Eandemque
335 3275 485 3344 ordinem
511 3291 626 3365 postea
648 3272 715 3337 vidi
740 3271 828 3359 (nam
848 3271 983 3386 pridem
1002 3299 1076 3342 cum
1097 3301 1155 3341 an.

81 3399 245 3468 ditoribus
272 3395 354 3460 meis
381 3383 710 3472 communicaveram)
736 3390 835 3454 etiam
862 3386 1068 3482 Scaligerum
1094 3390 1155 3456 ali·

81 3539 148 3610 quo
173 3534 327 3604 ,tempore
360 3507 517 3574 suasisse:
555 3502 619 3570 alio
641 3504 740 3569 -enim
777 3523 930 3598 tempore
961 3505 1156 3574 Bathianam

79 3632 242 3700 rationem
280 3620 540 3692 commendavit:
579 3636 722 3712 utroque
760 3645 834 3686 eum
865 3645 1014 3699 versum,
1053 3623 1156 3712 quia
1191 3695 1192 3698 Ἴ

79 3748 170 3814 miris
195 3743 259 3810 illis
286 3739 475 3808 accusativis
500 3736 628 3828 incipit,
653 3760 854 3828 expungens.
885 3735 929 3800 Et
953 3752 1061 3800 tamen
1087 3759 1155 3801 nou

79 3862 188 3928 luerat
212 3857 345 3925 difficile
368 3851 547 3921 divinando
573 3854 713 3945 assequi,
739 3875 757 3916 e
782 3873 848 3941 quo
870 3848 961 3914 sonte
986 3851 1095 3916 mirae
1114 3849 1157 3917 il·

80 3975 132 4043 lae
160 3970 410 4040 constructionis
437 3966 589 4034 salebrae
616 3979 810 4031 manassent
842 3963 973 4028 Etenim
995 3963 1051 4030 hic
1070 3988 1154 4057 quo-

82 4115 149 4185 quc
173 4084 299 4179 aliquid
326 4082 489 4152 excidisse
515 4085 581 4147 iam
605 4104 673 4145 uon
699 4077 892 4145 coniicimus
918 4095 1062 4160 tantum,
1093 4079 1156 4146 sed

81 4200 294 4272 Ambrosiani
337 4199 462 4266 codicis
491 4198 608 4264 virtute
644 4210 853 4286 compertum
887 4192 1055 4260 habemus.
1116 4193 1156 4262 In

83 4345 149 4415 quo
174 4321 263 4385 inter
289 4342 317 4381 v.
344 4316 390 4386 39
415 4333 450 4382 et
472 4309 519 4381 40
544 4314 675 4404 integer
698 4307 882 4376 versiculus
917 4309 972 4376 hic
1006 4308 1153 4378 accedit:

139 4434 607 4509 MENDACleUllALlQUEll
629 4431 719 4506 QUll)
731 4477 757 4498 ..
770 4430 1156 4496 tscttracutturostua

86 4556 137 4622 De
164 4576 229 4646 quo
256 4552 320 4616 iam
343 4543 685 4616 olim⁴commoneseci
711 4543 745 4606 in
760 4542 849 4607 Diar.
876 4542 1000 4634 antiqu.
1023 4540 1108 4608 stud.
1127 4568 1156 4608 a.

87 4670 178 4740 1837
203 4693 237 4761 p.
265 4665 345 4736 743.
404 4663 474 4728 Etsi
499 4662 587 4726 enim
611 4658 674 4725 hac
698 4657 770 4750 ipsa
794 4659 983 4726 accessione
1006 4653 1156 4725 noudum
