2820 5332
196 732 244 802 30
448 752 469 802 t.
495 760 538 802 or
561 754 680 802 ettrrt
704 759 832 805 auersa·
859 756 1050 806 uoututtrs.

197 947 286 998 turn.
311 933 355 1009 ll,
380 930 433 999 ll.
486 937 682 1026 Quanquam
707 936 844 1000 suerunt
870 939 927 1028 qui
954 962 1021 1003 uon
1051 963 1123 1005 esse
1145 939 1288 1007 Suavitts

197 1071 312 1112 rerum
334 1073 463 1114 nomen
490 1047 670 1114 crederent
708 1051 786 1135 (uec
814 1053 902 1117 cuim
928 1050 1087 1120 Suerium
1111 1057 1288 1148 quisquam

197 1164 289 1229 norit
312 1181 448 1254 praeter
474 1162 709 1247 Macrobium),
749 1164 809 1231 secl
836 1163 879 1233 de
905 1167 1065 1235 Saevio
1092 1171 1203 1262 potius
1229 1171 1319 1238 iltot

196 1275 362 1345 Nicanore
386 1278 570 1369 cogitarent
589 1274 639 1361 ¹³),
675 1304 774 1371 quem
802 1280 980 1347 Suetonius
1007 1280 1051 1347 de
1076 1283 1124 1350 ill.
1151 1310 1286 1378 gratnm.
1339 1310 1344 1320 ’

198 1419 228 1460 c.
254 1395 275 1460 5
300 1391 382 1457 dicit
407 1411 541 1482 praeter
567 1395 825 1466 commentarios
851 1398 982 1461 satiram
1003 1422 1138 1491 quoque
1157 1400 1286 1481 iecisse,

198 1536 216 1576 e
253 1533 317 1600 qua
354 1506 437 1573 duos
471 1507 566 1574 alsert
601 1532 714 1574 rursus
740 1508 959 1576 hexametros.
1009 1513 1053 1577 Et
1076 1536 1118 1579 ex
1141 1515 1285 1606 antiquis

196 1626 258 1692 fuit
283 1646 360 1688 saue
386 1623 540 1687 Sacrius:
567 1639 742 1712 praetcrea
771 1627 822 1687 vir
844 1624 949 1714 longe
974 1624 1187 1693 doctissimus
1209 1631 1284 1694 Ma·

197 1744 312 1809 crobio
340 1763 417 1804 suus
444 1736 501 1802 ille
530 1736 669 1801 Suerius
697 1737 829 1816 dicitur,
864 1741 989 1831 quique
1016 1742 1085 1806 eius
1110 1766 1223 1807 versus
1249 1742 1285 1806 iu

196 1853 457 1925 saturnaliorum
482 1848 577 1915 libris
605 1869 726 1931 extant,
751 1849 935 1918 hexametri
962 1873 1176 1921 suutomnes.
1212 1859 1291 1922 Nec-

195 1988 303 2038 tameu
330 1965 419 2032 iisd
446 1967 575 2031 satiram
602 1982 744 2056 possunt
765 1982 932 2056 spectere3
968 1967 1150 2034 afferuntur
1185 1972 1283 2044 euim,
1316 1968 1319 1975 ’

196 2087 253 2179 qui
286 2100 361 2148 sunt
398 2081 432 2144 in
468 2081 533 2146 Sat.
560 2078 617 2159 Vl,
645 2085 659 2146 1
688 2096 721 2143 et
743 2080 776 2156 5,
810 2079 940 2145 ettbro
965 2087 1103 2174 qrriuto:
1139 2106 1207 2150 nou
1235 2102 1285 2153 est

102 2248 106 2261 ,
194 2217 303 2266 autem
331 2192 492 2263 credibile
520 2193 672 2283 pluribus
695 2191 789 2257 libris
812 2219 910 2259 unam
937 2197 1068 2260 satiram
1087 2200 1283 2278 constitisse,

194 2338 261 2381 nee
286 2309 418 2378 satiras
445 2308 572 2385 Sacrio,
595 2304 653 2372 sed
681 2308 812 2372 satiram
838 2309 953 2374 tribuit
974 2309 1164 2379 Suetonius.
1217 2316 1282 2395 Qui

150 2467 157 2488 a
194 2453 268 2497 cum
294 2425 386 2491 illum
411 2425 455 2488 ait
477 2439 618 2512 praeter
639 2426 1058 2489 courureutariossatirom
1072 2449 1203 2519 qrtoque
1215 2431 1282 2513 fe-

193 2546 302 2616 cisse,
337 2537 606 2604 haud'ubscurc
641 2532 727 2601 illud
759 2537 866 2627 ipsum
904 2538 1111 2630 significavit,
1148 2560 1283 2630 praeter

193 2655 444 2748 grammaticum
471 2675 586 2744 genus,
617 2651 653 2713 in
679 2675 745 2742 quo
773 2651 960 2730 habitabat,
991 2652 1104 2719 nihil
1128 2654 1282 2722 Saeriutn

191 2769 254 2834 uisi
285 2793 381 2833 unam
417 2767 557 2832 satiram·
583 2766 767 2857 scripsisse.
818 2768 921 2857 Atqui
961 2791 1053 2859 quos·
1070 2766 1136 2833 Sat.
1164 2768 1207 2848 ll,
1238 2768 1281 2837 14

189 2875 381 2950 Macrobius
405 2898 480 2948 octo
506 2904 619 2946 sersus
647 2883 767 2971 posuit,
799 2879 981 2969 in·r’dyllio
1007 2881 1101 2973 quod
1124 2884 1281 2949 inscribi-

96 3084 99 3090 ·
190 3013 247 3061 tur·
268 2998 440 3061 Moretuur
467 2998 629 3086 repperit
680 2995 768 3085 Ergo
795 2995 874 3061 hinc
902 2993 1120 3062 dimittendus
1133 2996 1280 3078 saevius,

191 3129 224 3175 ot
250 3113 282 3175 iu
312 3135 351 3176 eo
377 3107 633 3186 subsistendum,
661 3125 705 3183 ut,
733 3109 759 3172 si
788 3108 891 3174 modo
918 3125 1040 3199 poetae
1057 3132 1182 3176 nomen
1204 3111 1281 3176 oli·
1320 3161 1324 3166 r

188 3227 329 3292 brorum
359 3224 520 3290 memoria
545 3223 831 3288 Varronianorurn
858 3223 1047 3289 eruendum
1071 3227 1122 3307 sit,
1141 3223 1280 3291 Suerius

188 3342 299 3434 potius
327 3338 395 3403 illic
421 3336 522 3402 lateat
558 3361 655 3427 qum
691 3333 745 3400 vel
778 3336 911 3404 Suetius
938 3338 1020 3421 (sive
1043 3336 1195 3422 Suecius)
1223 3341 1278 3407 rel

187 3455 318 3520 Satrius
342 3454 424 3538 (sire
453 3448 606 3534 Succius)
632 3450 685 3515 vel
711 3450 855 3515 Saevius.

285 3567 396 3634 Aliam
422 3566 507 3630 viam
533 3565 682 3656 Scaliger
716 3566 882 3656 ingressus
920 3587 1000 3634 crat.
1026 3582 1029 3587 ’
1053 3570 1280 3660 Proposuerat
1350 3558 1353 3564 ’

186 3680 262 3748 ille:
298 3679 460 3746 Eiusdem
494 3678 537 3742 ab
564 3677 752 3743 r'runciiue:
790 3680 964 3764 rrffrende
980 3687 1137 3767 flitiuui
1157 3682 1280 3747 Suaui-

187 3811 253 3870 τεν,
276 3818 417 3886 quorum
447 3809 626 3858 extremam
654 3817 771 3859 vocem
795 3795 831 3857 in
857 3794 1041 3859 hexametri
1066 3796 1172 3874 initio,
1198 3794 1279 3860 reli·

187 3935 251 4002 qua
286 3913 318 3973 iu
349 3908 415 3973 fine
444 3909 566 3998 prioris
607 3907 767 3974 collocata
792 3907 902 3973 voluis
953 3907 1052 3990 Quod
1088 3928 1122 3974 ot
1152 3932 1216 3999 per
1242 3932 1278 3973 sc

185 4025 331 4116 argutius
359 4042 565 4089 commentus
592 4040 650 4101 est,
678 4039 712 4086 et
734 4039 916 4114 propterca
943 4047 1062 4112 parum
1090 4021 1278 4114 probahili-

183 4157 248 4218 tar,
276 4136 380 4231 quod,
407 4164 471 4230 qua
497 4121 631 4202 taudem
658 4159 773 4201 rerum
800 4134 998 4203 condicione
1015 4162 1124 4229 quoru
1141 4151 1276 4201 seuten-

185 4253 303 4316 tiarurn
331 4275 418 4315 nexu
443 4251 477 4314 in
503 4238 688 4315 Annalibus
720 4247 860 4339 quidem
894 4251 956 4315 ista
989 4252 1136 4342 potuerit
1161 4271 1277 4314 com·

185 4363 374 4457 pellatio
401 4363 511 4430 locum
536 4363 708 4441 invenire,
739 4363 876 4428 minime
908 4362 1111 4458 intelligitur.
1162 4365 1277 4430 Vnum

237 4632 263 4697 ff)
289 4627 383 4679 Contra
401 4629 521 4679 Sassiam
540 4626 663 4680 Susum
681 4623 752 4674 reddi
772 4638 818 4690 pro
836 4624 929 4675 Sassia
950 4625 1056 4677 Vinctus
1070 4634 1097 4676 et
1109 4624 1278 4677 casaubonus

288 4716 425 4765 iusserunt.
