2820 5332
480 452 484 467 t

425 656 445 703 t.
470 658 511 699 ua
538 656 653 701 aratri
682 657 809 701 iuraras
835 660 1027 704 nouturavs.
1214 638 1261 708 39

176 827 307 921 quoties
334 820 456 892 Plauti
480 845 797 904 commemorantur,
832 844 868 892 ut
888 828 927 892 L.
949 824 1157 918 Pomponius
1178 826 1266 897 Plo-

174 960 229 1011 sus
259 937 349 1032 apud
375 941 489 1005 Verm.
522 941 554 1019 l,
592 967 625 1032 p.
653 944 714 1018 22,
755 942 844 1007 Lars
880 936 1087 1033 Pomponius
1118 944 1262 1010 Plautus

172 1055 256 1124 ibid.
280 1081 316 1147 p.
345 1055 425 1122 150.
456 1057 537 1123 15⁶2.
568 1056 646 1124 153.
706 1055 794 1121 Vide
827 1054 871 1121 de
901 1056 952 1120 his
988 1058 1024 1123 C.
1052 1057 1092 1126 Ο.
1119 1057 1262 1140 Muelle-

171 1195 246 1237 rum
286 1167 511 1261 disputantem
543 1162 590 1237 de¹
621 1172 750 1237 Etrusc.
787 1171 820 1249 Ι,
854 1195 887 1262 p.
913 1165 996 1239 426.
1021 1166 1091 1239 435
1118 1198 1192 1241 ann.
1224 1190 1262 1239 et
1301 1224 1306 1232 .

172 1280 245 1354 440
270 1309 320 1376 sq.
1195 1264 1198 1272 Ἰ

269 1398 320 1465 Εο
342 1397 497 1464 ridemur
521 1424 596 1465 rem
621 1397 820 1484 adduxisse,
851 1415 888 1464 ut
920 1396 1035 1466 ultimo
1059 1399 1125 1465 iam
1146 1398 1271 1490 pensu-¹

172 1516 227 1603 gio
250 1512 386 1581 occluso
411 1511 593 1605 nulloque,
617 1514 680 1579 nisi
707 1512 799 1606 quod
825 1539 886 1581 nos
914 1513 1054 1607 fugerit,
1080 1508 1263 1581 tralaticiae

171 1630 339 1720 opinionis
365 1627 534 1720 praesidio
561 1627 680 1694 relicto
707 1629 836 1696 sortiter
864 1630 1035 1696 exanimo
1061 1628 1258 1696 inveteratus

170 1767 267 1809 error
294 1741 528 1835 exstirpandus
551 1744 592 1808 sit
617 1761 649 1809 et
670 1741 903 1836 gratulandum
929 1745 1054 1835 optimo
1076 1760 1194 1834 poetae
1214 1740 1260 1809 de

169 1857 255 1923 reris
284 1858 493 1938 nominibus,
524 1858 646 1950 quibus
677 1857 802 1924 tamdiu
820 1859 970 1928 ‚orbatus
1005 1858 1076 1936 suit,
1112 1841 1258 1923 Ambro-

168 1971 249 2037 siani
276 1969 404 2038 codicis
428 1971 596 2040 beneficio
620 1974 839 2067 recuperatis.

586 2249 827 2265 nanu—nt*-

467 2424 946 2532 arrunruvu

262 2663 354 2728 Bene
381 2658 503 2727 suetum
529 2658 624 2752 quod
649 2658 800 2727 modeste
823 2659 924 2726 malui
954 2683 1054 2752 quam
1081 2659 1256 2728 confiden-

165 2792 217 2842 ter
240 2773 345 2867 loqui.
396 2775 482 2840 Nam
507 2775 659 2865 sugerunt
683 2801 737 2841 me
762 2799 855 2841 sane·
870 2772 1033 2864 quaedam
1059 2799 1125 2838 nec
1149 2799 1186 2838 ea
1203 2773 1254 2839 le-

163 2886 320 2955 vidensis.
345 2890 396 2956 Ae
421 2889 568 2979 primum
593 2889 828 2955 Frontonis
854 2887 1074 2952 testimonium
1103 2903 1253 2976 praeter.

161 3002 296 3067 missum
323 3020 386 3078 est,
413 3001 508 3069 vaide
533 3000 619 3066 iltud
644 3001 802 3079 lacerum,
827 2998 889 3067 sed
916 3000 1007 3065 cuius
1033 2988 1147 3065 tamen‘
1165 3000 1252 3068 haee

162 3116 264 3179 verba
285 3114 387 3207 plane
415 3133 448 3181 et
468 3117 649 3207 perspicue
674 3113 740 3205 legi
767 3116 937 3205 potuerint
962 3115 1068 3204 Epist.
1101 3113 1143 3179 ‹le
1170 3134 1251 3181 orat.

162 3225 221 3294 Ill.
246 3251 280 3317 p.
311 3230 376 3296 131
404 3227 517 3294 Nieb.:
544 3273 553 3293 .
579 3275 588 3291 .
615 3277 622 3290 .
650 3278 658 3296 .
691 3227 755 3291 hoc
784 3251 894 3316 genus
928 3225 1104 3290 verborum
1127 3224 1253 3293 Accius

162 3339 307 3406 Plautus
326 3323 432 3406 sarius
459 3391 468 3408 .
495 3367 505 3405 c
530 3387 569 3405 ..
602 3341 676 3408 Nee
702 3358 813 3405 tamen
836 3339 920 3402 haec
945 3341 1116 3429 negotium
1141 3339 1252 3406 sanes-

161 3465 249 3518 snnt:
273 3478 352 3519 nam
377 3454 444 3519 sire
470 3479 488 3519 a
512 3452 652 3520 librario
688 3454 756 3519 sive
789 3477 807 3515 a
839 3452 928 3517 Maio
961 3450 1115 3543 neglecta
1146 3469 1196 3520 est
1217 3477 1251 3517 m

159 3565 268 3633 littera
290 3584 369 3658 post
395 3567 576 3634 verborum
598 3592 716 3675 vocem
741 3568 867 3646 iterata,
893 3568 1094 3633 aFrontone
1111 3567 1252 3660 quidem

160 3675 317 3747 Maecius
342 3682 504 3772 seriptum
531 3704 606 3746 esse
633 3681 818 3747 communis
846 3704 922 3746 cum
944 3679 1086 3747 aliorum
1112 3700 1180 3748 tum
1206 3683 1247 3746 Ο.

160 3792 265 3860 Iahnii
286 3795 450 3860 sententia
482 3793 560 3871 fuit,
589 3793 647 3885 qui
673 3792 719 3860 vde
746 3795 926 3860 Frontonis
952 3794 1070 3867 ueritis¹
1087 3795 1246 3871 breviter,

159 3923 192 3972 ut
215 3908 251 3972 in
276 3932 315 3974 re
338 3925 462 3998 aperta,
490 3906 574 3974 dixit
598 3907 707 3973 Musei
728 3905 847 3998 philol.
874 3905 937 3972 rol.
962 3908 1011 3972 111
1037 3935 1072 3998 p.
1102 3907 1180 3976 156.

254 4020 398 4086 Gravius
423 4019 669 4104 Plinianum
696 4039 745 4087 est
768 4019 873 4111 idque
899 4019 985 4086 adeo
1007 4019 1129 4109 triplex
1154 4022 1247 4085 testi·

159 4133 323 4213 monium,
361 4133 453 4199 euius
482 4131 655 4200 'indicium
685 4131 817 4223 Bergkii
853 4133 1016 4197 amicitiae
1038 4131 1161 4195 debeo.
1208 4131 1250 4197 Iu

159 4245 317 4311 Elenciris
351 4231 438 4313 enim
472 4262 654 4315 auctorum
685 4244 834 4310 Naturali
866 4245 1023 4312 historiae
1056 4245 1248 4337 praemissis

157 4372 204 4424 ter
226 4360 366 4436 Plinius,
392 4362 420 4427 si
447 4359 608 4427 editiones
632 4359 816 4450 sequimur,
848 4355 900 4428 Mi
923 4354 1064 4425 Accium
1085 4358 1246 4425 Plautum

159 4475 285 4562 posui,
316 4475 405 4541 inter
430 4474 612 4566 scriptores
638 4473 698 4538 uu.
725 4457 816 4545 xlv}
842 4474 904 4538 xv
932 4489 964 4538 a
989 4472 1088 4550 xix,
1126 4497 1162 4565 p.
1190 4467 1248 4538 st.

157 4585 212 4654 56.
238 4584 285 4656 67
313 4584 386 4656 Sill.
438 4588 504 4654 vbi
531 4611 720 4678 quanquam
745 4611 763 4652 e
789 4587 920 4678 scriptis
942 4584 1036 4652 libris
1053 4584 1136 4653 nihil
1163 4607 1245 4651 eno·
