2820 5332
216 658 289 733 362
599 683 643 726 vt.
668 682 711 724 aa
736 678 911 722 terrram

204 855 295 948 fieri
316 860 461 948 nttptias.
500 852 572 921 abi
596 853 647 921 Fl.
675 850 788 944 Caper
811 851 855 918 de
880 852 1073 919 latinitate:
1099 873 1170 916 non
1190 853 1302 916 atesim

216 971 391 1059 offirmare
418 997 448 1036 e.
474 995 507 1062 q.
533 994 560 1041 s.
610 966 707 1035 Idem
732 986 843 1034 autem
869 966 913 1033 de
940 966 1100 1034 latinitate
1121 964 1303 1033 liberaum

217 1087 315 1160 suam
340 1113 373 1178 p.
401 1086 482 1163 186,
508 1085 530 1154 6
556 1102 761 1160 memoretur
785 1101 819 1150 et
843 1083 1009 1151 simillimo
1037 1081 1176 1175 quidem
1201 1081 1304 1184 modo

218 1219 436 1269 memoretur:
462 1202 652 1268 Novissime
677 1201 759 1268 Tira
784 1203 821 1265 in
836 1195 1015 1267 Pandecte
1039 1222 1112 1273 raca
1134 1214 1228 1264 reate
1252 1202 1306 1264 ait

217 1318 298 1394 dici,
324 1318 508 1408 adiicitque
534 1317 627 1412 quod
648 1341 712 1383 sua
737 1319 887 1408 coeperit
905 1331 1022 1381 aetate
1039 1313 1077 1381 id
1089 1313 1306 1398 adverbium..

218 1432 295 1502 ubi
315 1434 366 1504 Fl.
388 1435 500 1524 Caper
522 1431 566 1498 de
591 1433 776 1512 latinitate,
802 1433 1059 1525 miror,‘inqait
1083 1456 1111 1496 e.
1124 1457 1157 1524 q.
1172 1456 1215 1498 s.:
1244 1457 1303 1499 ec-

219 1552 294 1643 quis
320 1550 495 1631 dubitabit,
522 1551 604 1643 quia
629 1548 771 1617 eandem
796 1550 830 1615 ia
856 1566 989 1641 partem
1014 1544 1163 1615 eiusdem
1184 1547 1304 1616 Chari-

218 1666 258 1733 sii
285 1692 317 1757 p.
346 1663 480 1746 176,t
522 1665 608 1740 baec
644 1665 711 1741 sint
737 1662 1006 1758 interpretanda:
1055 1660 1302 1733 Abhinc...

218 1776 363 1861 Plautus
387 1785 425 1847 in
449 1776 749 1867 Mostellarialll,
775 1785 809 1859 2,
834 1776 918 1868 63]:
968 1779 1038 1870 Qui
1056 1777 1182 1849 abtim
1199 1794 1305 1848 sera·

219 1901 321 1989 ginta
356 1902 460 1964 annis
493 1900 624 1972 occisos
646 1899 761 1984 foret.
803 1894 874 1962 abi
899 1895 1024 1987 Caper,
1055 1911 1198 1984 atroque
1223 1916 1305 1962 casa

221 2029 315 2091 recte
344 2011 499 2095 dicimus,
523 2015 674 2105 quamvis
698 2028 736 2079 at
760 2010 936 2081 sordidam
960 2011 1306 2102 derigerentque,

218 2126 357 2220 quidam
383 2125 584 2219 improbent.
635 2128 688 2193 An
713 2152 794 2195 vero
820 2129 974 2221 cuiquam
1000 2124 1184 2204 credibile,
1217 2149 1304 2193 eur-

220 2241 298 2323 dem
324 2243 493 2311 bominem
520 2245 776 2311 commentarios
814 2243 849 2309 in
882 2240 1035 2313 Plautum
1060 2243 1243 2334 scripsisse,
1269 2241 1305 2306 in

221 2360 430 2440 Terentium,
455 2360 556 2425 immo
577 2360 613 2425 in
636 2360 799 2427 Tironem
825 2383 976 2451 qaoque,
1012 2360 1047 2427 in
1071 2359 1181 2452 ipsam
1216 2354 1303 2423 adeo

220 2475 365 2548 Eritium
392 2491 425 2541 et
456 2475 504 2522 -‘
522 2473 675 2541 mirabile
701 2472 794 2543 dictu
818 2501 869 2527 *¹-
892 2478 927 2541 P.
955 2475 1192 2566 Semproniam
1208 2471 1306 2538 Asel-

222 2588 371 2663 lionem?
421 2589 506 2659 Nam
543 2590 627 2668 baec
658 2589 795 2685 quidem
822 2592 931 2660 omnia
955 2592 1030 2682 pori
1055 2591 1127 2656 iure
1152 2613 1191 2654 cx
1217 2588 1307 2656 Cha-

221 2708 293 2784 risii
317 2707 513 2777 testimoniis
540 2707 668 2773 efficias.
718 2703 807 2780 Vide
831 2705 931 2775 modo
966 2733 998 2799 p.
1027 2710 1117 2787 107,
1143 2705 1182 2774 3:
1232 2706 1307 2770 He-

166 2850 173 2863 ·
224 2820 299 2890 bom
323 2871 332 2888 .
357 2871 365 2890 .
390 2872 399 2890 .
425 2823 560 2891 Ennius
583 2823 684 2899 XVI.
707 2821 765 2897 aba·
787 2822 841 2895 Fl.
869 2823 1002 2912 Caper:
1030 2845 1101 2887 aare
1127 2838 1164 2886 ut
1182 2820 1309 2885 adian-

225 2943 313 3013 ctivo
339 2937 401 3005 scd
425 2939 627 3031 appellativo
650 2954 701 3007 est
727 2939 875 3018 locatam
900 2956 934 3007 et
959 2964 991 3031 p.
1020 2935 1099 3016 176,
1121 2940 1186 3004 ill:
1207 2934 1308 3003 Asel-

225 3053 271 3131 lio
310 3076 440 3147 qaoque
477 3079 591 3121 rerum
623 3053 856 3122 Romanarum
893 3055 1174 3147 quadragesimo:
1215 3054 1310 3119 ‘Tam

222 3169 376 3263 pulcrum
403 3193 485 3262 opus
506 3186 641 3261 tamque
665 3170 851 3260 artificiose
869 3175 1012 3258 factam
1033 3195 1154 3262 passas
1180 3185 1231 3234 est
1254 3166 1308 3233 di-

224 3290 288 3354 rui.
316 3285 386 3357 Vbi
407 3286 460 3354 Ft.
488 3288 620 3379 Caper:
645 3292 795 3380 quamvis
820 3286 1025 3379 artificiosus
1050 3285 1121 3351 diet
1141 3309 1212 3349 nort
1228 3308 1308 3376 pas-

225 3406 270 3469 sit
293 3402 531 3473 utmalitiasttr
556 3428 584 3468 c.
611 3428 645 3495 q.
668 3427 694 3472 s.
720 3405 898 3473 Praeterea
923 3404 1021 3469 etiam
1044 3399 1177 3493 Virgilii
1202 3401 1308 3464 inter-

225 3534 357 3610 pretem
384 3519 531 3608 Capram
557 3535 757 3589 testarentur
781 3519 890 3586 Servii
917 3516 1081 3612 quaedam
1111 3517 1310 3592 ocutiones,

226 3631 309 3709 tales
333 3633 542 3725 potissimum
578 3633 684 3725 qualis
719 3655 770 3702 ost
793 3637 828 3700 ia
849 3637 932 3703 Aen.
957 3635 1039 3716 ΧΠ,
1066 3637 1148 3703 120:
1201 3635 1313 3720 Caper

228 3764 344 3813 tamen
366 3763 401 3813 et
425 3749 589 3839 Hyginus
631 3748 703 3841 (qui
729 3776 845 3823 revera
872 3749 1050 3817 scholiasta
1075 3749 1138 3816 suit
1163 3745 1310 3841 Virgilii)

227 3864 292 3932 ltoc
317 3864 390 3931 loco
416 3863 536 3933 dicunt
560 3865 740 3933 lectionem
766 3891 838 3935 osse
860 3886 1056 3959 corruptum
1082 3893 1110 3936 e.
1131 3893 1163 3958 q.
1184 3890 1221 3941 s.‚
1247 3865 1310 3928 nisi

228 3978 379 4047 eiusdem
402 3979 510 4048 Servii
535 3980 616 4048 aliae
645 4000 820 4064 exstarent,
861 3986 982 4076 quihus
1009 3981 1060 4049 vel
1087 3981 1183 4047 dubii
1204 4000 1311 4070 gene·

228 4100 277 4163 ris
303 4115 359 4162 aut
381 4097 554 4163 enttcleati
576 4103 744 4164 sermonis
773 4098 877 4165 libros
910 4127 928 4165 a
954 4101 1066 4197 Capro
1106 4098 1314 4188 conscriptos

230 4230 469 4279 commemorat
491 4231 645 4307 tanquam
667 4241 686 4280 a
711 4232 817 4283 semet
841 4214 1092 4308 interpretando
1115 4233 1234 4304 poetae
1254 4209 1314 4276 ad-

229 4327 364 4406 hibitos,
390 4327 440 4396 vel
463 4329 534 4399 aliis
561 4329 669 4398 modis
695 4331 739 4397 de
765 4330 939 4399 scholiasta
966 4332 1078 4424 Capro
1106 4330 1242 4422 cogitari
1259 4352 1316 4392 ve·

231 4460 286 4523 tat,
314 4447 407 4510 utin
433 4447 516 4512 Aen.
541 4448 599 4523 VI,
626 4443 715 4514 545:
741 4472 839 4541 prtem
864 4449 976 4539 Caper
996 4464 1144 4522 sectatus,
1172 4471 1245 4511 cum
1272 4443 1315 4509 de

228 4565 485 4653 praepositione
506 4584 554 4630 rx
578 4580 756 4646 tractaret,
770 4564 834 4631 ltoc
846 4563 1033 4655 exernplum
1042 4567 1167 4656 posuit.
1194 4559 1316 4644 Quode

230 4700 300 4745 nou
324 4677 590 4768 improbabiliter
615 4680 815 4773 Suringarus
832 4682 874 4762 11,
901 4706 935 4773 p.
950 4681 1023 4750 218
1048 4705 1125 4773 sqq.
1151 4682 1314 4771 exposuit.
