2820 5332
339 691 369 730 v.
397 689 438 728 ne
465 685 569 729 acrae
597 688 762 730 aurarum
790 687 955 731 rannone.
1118 660 1191 733 347

103 861 198 952 panis
225 862 332 925 statim
360 876 438 952 post
463 860 628 951 perlidam
655 860 696 926 ad
721 864 852 926 Poenos
886 860 1108 928 delectionem
1135 886 1192 925 ur-

103 977 224 1067 bisque
250 1001 315 1068 per
339 977 504 1042 Romanos
521 977 799 1068 expugnationem
818 993 968 1067 sumptae
987 977 1085 1042 sunt?
1112 977 1192 1066 lpso

105 1110 216 1156 autem
245 1089 303 1156 illo
330 1115 416 1157 anno
444 1090 536 1182 quod
556 1116 640 1183 quae
654 1092 823 1183 petierunt
835 1094 1065 1184 impetrarunt,
1080 1090 1192 1158 odiine

105 1208 214 1299 potius
241 1176 339 1298 iptiam
365 1231 554 1298 propensae
579 1206 751 1272 voluntatis
779 1207 980 1273 documento
998 1208 1068 1273 est?
1093 1210 1193 1271 Prae·

106 1343 197 1389 terea
223 1347 268 1388 ne
291 1320 375 1387 illud
402 1320 541 1414 quidem
566 1340 705 1399 certum,
732 1341 842 1388 utrum
868 1325 997 1415 pristini
1024 1323 1116 1387 urhis
1143 1323 1195 1387 in-

107 1419 200 1504 colae
226 1435 433 1529 supplicasse
459 1439 615 1504 Romanis
642 1436 814 1516 dieantur,
853 1464 894 1503 an
932 1437 974 1503 de
1012 1439 1049 1503 iis
1082 1438 1193 1504 Livius

109 1554 250 1646 cogitet,
276 1554 334 1644 qui
361 1571 437 1644 post
473 1552 633 1618 funestam
661 1554 753 1618 urbis
777 1552 905 1619 cladem
933 1552 998 1620 illis
1025 1577 1196 1618 successe-

108 1687 187 1734 runt
210 1692 330 1734 recens
357 1666 411 1732 vel
437 1668 527 1732 asciti
556 1666 609 1732 vel
634 1668 792 1760 ingrcssi:
821 1671 853 1733 in
881 1694 945 1760 qua
966 1670 1130 1735 sententia
1148 1669 1196 1754 vi

110 1784 174 1849 deo
202 1782 483 1874 Hoplensaeliunr
521 1783 689 1848 esselur.
722 1783 816 1874 publ.
843 1786 936 1851 Rom.
962 1811 995 1876 p.
1023 1783 1080 1859 66,
1131 1787 1196 1851 Ρο-

109 1917 231 1965 stream
259 1900 356 1963 etiam
383 1899 546 1964 honestati
574 1896 835 1991 humanitatique
873 1919 993 1991 poetae
1019 1897 1198 1968 cousulen-

111 2015 190 2079 dum
220 2031 311 2105 putat
338 2015 388 2080 vir
415 2005 740 2101 ζηταρετησιάδηςε
767 2040 830 2081 nee
857 2017 944 2081 euim
972 2015 1094 2083 decere
1119 2040 1199 2108 pro·

112 2131 191 2195 bum
219 2129 390 2195 hominem
416 2130 504 2194 iuter
530 2129 636 2219 ipsam
663 2128 800 2195 caedem
824 2132 987 2198 carnificis
1011 2131 1200 2198 cruentissi-

112 2271 270 2337 mamque
299 2246 417 2310 civium
445 2262 587 2335 stragem
617 2243 763 2311 cavillari
781 2246 884 2313 victos
913 2265 947 2314 et
968 2248 1125 2312 truncatis
1140 2272 1201 2337 pa-

115 2378 225 2440 trum,
253 2360 413 2437 fratrum,
440 2359 625 2426 liberorum
652 2362 809 2427 membris
836 2361 1032 2454 colligendis
1057 2387 1199 2453 occupa·

114 2474 182 2543 tosl
235 2479 334 2560 Quasi
369 2500 450 2542 vero
484 2501 522 2542 eo
558 2478 702 2543 insaniae
725 2480 900 2570 quisquam
929 2504 1123 2572 progressus
1149 2479 1200 2556 sit,

115 2612 150 2659 ut
176 2591 294 2658 eodem
322 2616 420 2670 anno,
458 2590 584 2656 nedum
611 2590 738 2657 eisdem
767 2592 885 2659 <liebus
910 2612 944 2660 ct
969 2597 1201 2661 Trinummum

115 2708 273 2798 scriptam
300 2727 332 2773 et
357 2705 524 2798 supplicio
551 2707 684 2773 allectos
712 2710 899 2800 Campanos
936 2727 1086 2800 putaret,
1117 2734 1201 2802 quo-

116 2846 189 2887 rum
217 2820 356 2913 quidem
382 2821 509 2886 servilis
536 2826 708 2912 patientia
734 2848 774 2887 ex
797 2822 855 2890 illo
877 2826 952 2915 ipso
969 2823 1103 2888 demum
1124 2848 1203 2916 sup-

116 2939 218 3031 plicio
248 2940 453 3005 consectaria
480 2954 575 3003 esset.
603 2937 732 3019 Quodsi
753 2939 869 3029 viginti
894 2956 971 3031 post
995 2939 1088 3004 annis
1113 2933 1203 3005 Nau-

117 3054 196 3120 deto
226 3053 357 3119 Plautus
384 3055 470 3118 risus
501 3070 551 3116 est
583 3053 654 3117 sine
689 3054 928 3121 inhumanitate
957 3079 1013 3120 eos
1040 3057 1203 3145 perstrin-

117 3196 197 3261 gere
225 3170 384 3260 potuisse,
410 3192 472 3232 nee
499 3165 583 3232 illud
605 3166 831 3261 intelligimus,
866 3171 923 3261 qni
955 3169 1083 3235 tardam
1107 3169 1202 3234 mali-

118 3288 274 3376 ¹quitatem
303 3284 429 3349 facilius
453 3301 516 3348 tam
542 3282 729 3349 fastidiosus
752 3309 866 3350 sensus
892 3285 977 3350 serat
999 3311 1097 3378 quam
1113 3285 1205 3350 subi·

119 3419 184 3466 tam
221 3402 436 3488 acerbitatem
473 3398 576 3465 multo
614 3424 692 3464 sane
731 3403 830 3492 magis
858 3401 1097 3481 excusabilem,
1140 3427 1205 3471 uec

119 3516 201 3611 quid
225 3520 314 3582 inter
341 3518 580 3607 vigintiearruos
604 3532 636 3580 et
662 3513 788 3606 aliquot
815 3517 946 3583 intersit
972 3519 1206 3610 perspicimus,

121 3631 256 3725 quando
284 3634 380 3698 etiam
409 3632 523 3723 paucis
547 3630 783 3723 praeterlapsis
819 3630 964 3699 desierat
996 3652 1105 3699 tamen
1135 3633 1206 3723 ipsa

122 3754 252 3821 caedes.

219 3872 307 3963 Ergo
334 3867 444 3934 adhue
470 3893 537 3934 non
566 3885 615 3934 est
640 3867 709 3934 ullo
735 3887 831 3959 paeto
859 3866 1132 3943 demonstratum,
1152 3867 1206 3934 vel

120 4012 187 4053 nou
216 3988 363 4078 potuisse
389 3985 487 4050 brevi
513 4001 590 4075 post
612 3985 748 4075 Capuae
784 3981 917 4048 cladem
950 3999 1100 4074 tempore
1127 3983 1206 4048 Tri·

120 4126 291 4168 nummum
320 4098 385 4178 edi,
413 4097 464 4163 vel
488 4098 675 4165 necessario
703 4121 775 4162 esse
800 4115 877 4188 post
897 4095 1011 4188 Syriae
1038 4120 1207 4188 expugna-

118 4220 247 4284 tionem
274 4216 442 4306 scriptam.
476 4213 521 4277 Vt
537 4235 603 4279 non
620 4212 758 4275 nimium
784 4208 999 4276 tribuendum
1023 4211 1065 4276 sit
1080 4209 1205 4277 Wolffii

120 4331 252 4422 Prolrg.
287 4332 320 4394 in
343 4328 453 4395 Aulul.
487 4355 519 4419 p.
544 4325 591 4394 34
625 4327 748 4393 iudicio
778 4325 1122 4417 simplieite1·Rittero
1154 4351 1203 4392 as·

123 4448 294 4513 sentientis
322 4463 354 4510 ct
380 4448 488 4509 nriuus
513 4445 575 4508 sibi
604 4444 737 4536 plaeere
756 4442 1045 4510 Wiudisclrmanni
1071 4460 1207 4508 senteu-

124 4566 200 4629 tiam
228 4562 423 4655 profitentis.
476 4564 569 4642 Quae
598 4587 671 4627 cum
699 4561 740 4624 ita
767 4560 842 4636 sint,
866 4582 931 4623 non
959 4557 1073 4624 hercle
1101 4576 1208 4625 aetum

124 4707 222 4774 agere
250 4677 447 4756 videbimur,
474 4679 500 4742 si
526 4701 610 4746 noro
638 4701 745 4769 eoque
769 4674 868 4766 louge
897 4674 1143 4751 evidentissimo
1158 4701 1210 4742 ar-
