<?xml version="1.0" encoding="UTF-8"?>
<!DOCTYPE html PUBLIC "-//W3C//DTD XHTML 1.0 Transitional//EN"
    "http://www.w3.org/TR/xhtml1/DTD/xhtml1-transitional.dtd">
<html xmlns="http://www.w3.org/1999/xhtml" xml:lang="en" lang="en">
 <head>
  <title>
</title>
<meta http-equiv="Content-Type" content="text/html;charset=utf-8" />
  <meta name='ocr-system' content='tesseract 3.04.00' />
  <meta name='ocr-capabilities' content='ocr_page ocr_carea ocr_par ocr_line ocrx_word'/>
</head>
<body>
  <div class='ocr_page' id='page_1' title='image "./parergonplautin01ritsgoog_0570.png"; bbox 0 0 2820 5332; ppageno 0'>
   <div class='ocr_carea' id='block_1_1' title="bbox 442 674 1177 745">
    <p class='ocr_par' dir='ltr' id='par_1_1' title="bbox 442 674 1177 745">
     <span class='ocr_line' id='line_1_1' title="bbox 442 674 1177 745; baseline 0.005 -5"><span class='ocrx_word' id='word_1_1' title='bbox 442 698 612 742; x_wconf 77' lang='lat' dir='ltr'><em>&#39;rstnvnnt</em></span> <span class='ocrx_word' id='word_1_2' title='bbox 637 675 829 742; x_wconf 71' lang='lat' dir='ltr'><em>sitvotnsu.</em></span> <span class='ocrx_word' id='word_1_3' title='bbox 1106 674 1177 745; x_wconf 73' lang='lat'><em>529</em></span> 
     </span>
    </p>
   </div>
   <div class='ocr_carea' id='block_1_2' title="bbox 101 865 1182 959">
    <p class='ocr_par' dir='ltr' id='par_1_2' title="bbox 101 865 1182 959">
     <span class='ocr_line' id='line_1_2' title="bbox 101 865 1182 959; baseline -0.005 -21"><span class='ocrx_word' id='word_1_4' title='bbox 101 871 243 939; x_wconf 74' lang='lat' dir='ltr'><em>motione</em></span> <span class='ocrx_word' id='word_1_5' title='bbox 274 865 400 935; x_wconf 83' lang='lat' dir='ltr'><em>scilieet</em></span> <span class='ocrx_word' id='word_1_6' title='bbox 424 868 663 934; x_wconf 80' lang='lat' dir='ltr'>constructioni</span> <span class='ocrx_word' id='word_1_7' title='bbox 691 865 907 945; x_wconf 82' lang='lat' dir='ltr'><em>consuluere,</em></span> <span class='ocrx_word' id='word_1_8' title='bbox 942 868 1000 959; x_wconf 86' lang='lat' dir='ltr'><em>qui</em></span> <span class='ocrx_word' id='word_1_9' title='bbox 1026 866 1104 935; x_wconf 89' lang='lat' dir='ltr'><em>olim</em></span> <span class='ocrx_word' id='word_1_10' title='bbox 1129 866 1182 933; x_wconf 85' lang='lat' dir='ltr'><em>vel</em></span> 
     </span>
    </p>
   </div>
   <div class='ocr_carea' id='block_1_3' title="bbox 92 958 1192 2814">
    <p class='ocr_par' dir='ltr' id='par_1_3' title="bbox 92 958 1192 2814">
     <span class='ocr_line' id='line_1_3' title="bbox 103 958 1182 1080; baseline -0.001 -27"><span class='ocrx_word' id='word_1_11' title='bbox 103 1011 205 1080; x_wconf 80' lang='lat' dir='ltr'><em>quam</em></span> <span class='ocrx_word' id='word_1_12' title='bbox 229 989 446 1077; x_wconf 78' lang='lat' dir='ltr'><em>sponsionem</em></span> <span class='ocrx_word' id='word_1_13' title='bbox 471 982 523 1051; x_wconf 84' lang='lat' dir='ltr'><em>vel</em></span> <span class='ocrx_word' id='word_1_14' title='bbox 551 958 635 1075; x_wconf 58' lang='lat' dir='ltr'><em>onus</em></span> <span class='ocrx_word' id='word_1_15' title='bbox 661 987 862 1075; x_wconf 73' lang='lat' dir='ltr'><em>sponsiones</em></span> <span class='ocrx_word' id='word_1_16' title='bbox 889 1003 1071 1050; x_wconf 84' lang='lat' dir='ltr'><em>suaserunt.</em></span> <span class='ocrx_word' id='word_1_17' title='bbox 1122 985 1182 1052; x_wconf 87' lang='lat' dir='ltr'><em>His</em></span> 
     </span>
     <span class='ocr_line' id='line_1_4' title="bbox 100 1097 1184 1192; baseline -0.001 -23"><span class='ocrx_word' id='word_1_18' title='bbox 100 1121 210 1170; x_wconf 81' lang='lat' dir='ltr'><em>eutem</em></span> <span class='ocrx_word' id='word_1_19' title='bbox 237 1101 392 1169; x_wconf 86' lang='lat' dir='ltr'><em>omnibus</em></span> <span class='ocrx_word' id='word_1_20' title='bbox 423 1101 488 1165; x_wconf 81' lang='lat' dir='ltr'><em>ism</em></span> <span class='ocrx_word' id='word_1_21' title='bbox 513 1098 605 1165; x_wconf 88' lang='lat' dir='ltr'><em>illud</em></span> <span class='ocrx_word' id='word_1_22' title='bbox 630 1097 741 1178; x_wconf 81' lang='lat' dir='ltr'><em>adde,</em></span> <span class='ocrx_word' id='word_1_23' title='bbox 779 1097 871 1192; x_wconf 91' lang='lat' dir='ltr'><em>quod</em></span> <span class='ocrx_word' id='word_1_24' title='bbox 904 1099 938 1163; x_wconf 94' lang='lat' dir='ltr'><em>in</em></span> <span class='ocrx_word' id='word_1_25' title='bbox 962 1100 1184 1168; x_wconf 81' lang='lat' dir='ltr'><em>Ambrosisno</em></span> 
     </span>
     <span class='ocr_line' id='line_1_5' title="bbox 100 1213 1184 1308; baseline -0.001 -24"><span class='ocrx_word' id='word_1_26' title='bbox 100 1217 217 1286; x_wconf 81' lang='lat' dir='ltr'><em>codiee</em></span> <span class='ocrx_word' id='word_1_27' title='bbox 242 1243 281 1283; x_wconf 82' lang='lat' dir='ltr'><em>ea</em></span> <span class='ocrx_word' id='word_1_28' title='bbox 308 1240 394 1308; x_wconf 83' lang='lat' dir='ltr'><em>quse</em></span> <span class='ocrx_word' id='word_1_29' title='bbox 421 1213 644 1308; x_wconf 77' lang='lat' dir='ltr'><strong>disceptamus</strong></span> <span class='ocrx_word' id='word_1_30' title='bbox 672 1215 772 1281; x_wconf 82' lang='lat' dir='ltr'><em>verba</em></span> <span class='ocrx_word' id='word_1_31' title='bbox 794 1238 862 1280; x_wconf 86' lang='lat' dir='ltr'><em>non</em></span> <span class='ocrx_word' id='word_1_32' title='bbox 883 1230 961 1306; x_wconf 86' lang='lat' dir='ltr'><em>post</em></span> <span class='ocrx_word' id='word_1_33' title='bbox 975 1239 1107 1281; x_wconf 81' lang='lat' dir='ltr'><em>versum</em></span> <span class='ocrx_word' id='word_1_34' title='bbox 1125 1216 1184 1298; x_wconf 75' lang='lat'><em>25,</em></span> 
     </span>
     <span class='ocr_line' id='line_1_6' title="bbox 99 1328 1182 1424; baseline -0.003 -23"><span class='ocrx_word' id='word_1_35' title='bbox 99 1334 159 1403; x_wconf 86' lang='lat' dir='ltr'><em>sed</em></span> <span class='ocrx_word' id='word_1_36' title='bbox 185 1352 261 1401; x_wconf 83' lang='lat' dir='ltr'><em>ente</em></span> <span class='ocrx_word' id='word_1_37' title='bbox 290 1357 366 1399; x_wconf 87' lang='lat' dir='ltr'><em>eum</em></span> <span class='ocrx_word' id='word_1_38' title='bbox 392 1333 501 1424; x_wconf 86' lang='lat' dir='ltr'><em>posita</em></span> <span class='ocrx_word' id='word_1_39' title='bbox 524 1348 613 1398; x_wconf 89' lang='lat' dir='ltr'><em>sont:</em></span> <span class='ocrx_word' id='word_1_40' title='bbox 641 1329 756 1424; x_wconf 84' lang='lat' dir='ltr'><em>quoles</em></span> <span class='ocrx_word' id='word_1_41' title='bbox 778 1328 927 1397; x_wconf 87' lang='lat' dir='ltr'><em>locorum</em></span> <span class='ocrx_word' id='word_1_42' title='bbox 952 1333 1182 1398; x_wconf 86' lang='lat' dir='ltr'><em>commutatio·</em></span> 
     </span>
     <span class='ocr_line' id='line_1_7' title="bbox 98 1445 1181 1540; baseline -0.005 -22"><span class='ocrx_word' id='word_1_43' title='bbox 98 1474 158 1517; x_wconf 89' lang='lat' dir='ltr'><em>nes</em></span> <span class='ocrx_word' id='word_1_44' title='bbox 183 1464 311 1518; x_wconf 79' lang='lat' dir='ltr'><em>constet</em></span> <span class='ocrx_word' id='word_1_45' title='bbox 336 1472 440 1540; x_wconf 77' lang='lat' dir='ltr'><em>saepe</em></span> <span class='ocrx_word' id='word_1_46' title='bbox 467 1445 592 1514; x_wconf 87' lang='lat' dir='ltr'><em>indicio</em></span> <span class='ocrx_word' id='word_1_47' title='bbox 621 1471 693 1514; x_wconf 88' lang='lat' dir='ltr'><em>esse</em></span> <span class='ocrx_word' id='word_1_48' title='bbox 717 1445 1023 1540; x_wconf 78' lang='lat' dir='ltr'><em>interpolationum.</em></span> <span class='ocrx_word' id='word_1_49' title='bbox 1050 1483 1097 1494; x_wconf 94' lang='lat'>—</span> <span class='ocrx_word' id='word_1_50' title='bbox 1130 1448 1181 1514; x_wconf 91' lang='lat' dir='ltr'><em>Eo</em></span> 
     </span>
     <span class='ocr_line' id='line_1_8' title="bbox 95 1560 1183 1659; baseline -0.004 -27"><span class='ocrx_word' id='word_1_51' title='bbox 95 1567 195 1659; x_wconf 83' lang='lat' dir='ltr'><em>igitur</em></span> <span class='ocrx_word' id='word_1_52' title='bbox 220 1589 275 1630; x_wconf 84' lang='lat' dir='ltr'><em>res</em></span> <span class='ocrx_word' id='word_1_53' title='bbox 303 1587 377 1630; x_wconf 90' lang='lat' dir='ltr'><em>esse</em></span> <span class='ocrx_word' id='word_1_54' title='bbox 404 1560 548 1628; x_wconf 84' lang='lat' dir='ltr'><em>sddncts</em></span> <span class='ocrx_word' id='word_1_55' title='bbox 573 1560 713 1643; x_wconf 78' lang='lat' dir='ltr'><em>videtur,</em></span> <span class='ocrx_word' id='word_1_56' title='bbox 739 1564 792 1630; x_wconf 84' lang='lat' dir='ltr'><em>vix</em></span> <span class='ocrx_word' id='word_1_57' title='bbox 819 1580 854 1627; x_wconf 86' lang='lat' dir='ltr'><em>ut</em></span> <span class='ocrx_word' id='word_1_58' title='bbox 879 1589 897 1628; x_wconf 84' lang='lat' dir='ltr'><strong>a</strong></span> <span class='ocrx_word' id='word_1_59' title='bbox 924 1587 1093 1656; x_wconf 83' lang='lat' dir='ltr'><em>quoquam</em></span> <span class='ocrx_word' id='word_1_60' title='bbox 1117 1589 1183 1655; x_wconf 92' lang='lat' dir='ltr'><em>pu·</em></span> 
     </span>
     <span class='ocr_line' id='line_1_9' title="bbox 98 1675 1180 1770; baseline -0.002 -24"><span class='ocrx_word' id='word_1_61' title='bbox 98 1698 164 1746; x_wconf 87' lang='lat' dir='ltr'><em>tem</em></span> <span class='ocrx_word' id='word_1_62' title='bbox 191 1679 244 1746; x_wconf 86' lang='lat' dir='ltr'><em>vel</em></span> <span class='ocrx_word' id='word_1_63' title='bbox 271 1677 435 1745; x_wconf 72' lang='lat' dir='ltr'><em>tantillum</em></span> <span class='ocrx_word' id='word_1_64' title='bbox 463 1675 627 1757; x_wconf 76' lang='lat' dir='ltr'><em>dubitari,</em></span> <span class='ocrx_word' id='word_1_65' title='bbox 654 1678 734 1770; x_wconf 89' lang='lat' dir='ltr'><em>quin</em></span> <span class='ocrx_word' id='word_1_66' title='bbox 761 1695 847 1744; x_wconf 89' lang='lat' dir='ltr'><em>totos</em></span> <span class='ocrx_word' id='word_1_67' title='bbox 869 1678 1053 1745; x_wconf 82' lang='lat' dir='ltr'><em>versiculus</em></span> <span class='ocrx_word' id='word_1_68' title='bbox 1080 1703 1098 1744; x_wconf 88' lang='lat' dir='ltr'><em>e</em></span> <span class='ocrx_word' id='word_1_69' title='bbox 1122 1679 1180 1744; x_wconf 83' lang='lat' dir='ltr'><em>teli</em></span> 
     </span>
     <span class='ocr_line' id='line_1_10' title="bbox 97 1793 1178 1887; baseline -0.003 -24"><span class='ocrx_word' id='word_1_70' title='bbox 97 1797 168 1863; x_wconf 84' lang='lat' dir='ltr'><em>sere</em></span> <span class='ocrx_word' id='word_1_71' title='bbox 194 1818 310 1862; x_wconf 81' lang='lat' dir='ltr'><em>sersus</em></span> <span class='ocrx_word' id='word_1_72' title='bbox 335 1797 381 1864; x_wconf 71' lang='lat'><em>25</em></span> <span class='ocrx_word' id='word_1_73' title='bbox 420 1793 762 1887; x_wconf 79' lang='lat' dir='ltr'><em>explicationenatus</em></span> <span class='ocrx_word' id='word_1_74' title='bbox 794 1797 851 1860; x_wconf 87' lang='lat' dir='ltr'><em>sit:</em></span> <span class='ocrx_word' id='word_1_75' title='bbox 884 1818 968 1886; x_wconf 77' lang='lat' dir='ltr'><em>quas</em></span> <span class='ocrx_word' id='word_1_76' title='bbox 985 1818 1049 1887; x_wconf 81' lang='lat' dir='ltr'><em>pro</em></span> <span class='ocrx_word' id='word_1_77' title='bbox 1071 1818 1178 1886; x_wconf 90' lang='lat' dir='ltr'><em>spon-</em></span> 
     </span>
     <span class='ocr_line' id='line_1_11' title="bbox 98 1908 1178 2003; baseline -0.001 -28"><span class='ocrx_word' id='word_1_78' title='bbox 98 1916 196 1976; x_wconf 83' lang='lat' dir='ltr'><em>sione</em></span> <span class='ocrx_word' id='word_1_79' title='bbox 234 1909 302 1998; x_wconf 82' lang='lat' dir='ltr'><em>(vel</em></span> <span class='ocrx_word' id='word_1_80' title='bbox 329 1911 466 1977; x_wconf 78' lang='lat' dir='ltr'><em>sontssse</em></span> <span class='ocrx_word' id='word_1_81' title='bbox 490 1933 554 2002; x_wconf 84' lang='lat' dir='ltr'><em>pro</em></span> <span class='ocrx_word' id='word_1_82' title='bbox 586 1933 654 2003; x_wconf 83' lang='lat' dir='ltr'><em>qua</em></span> <span class='ocrx_word' id='word_1_83' title='bbox 684 1914 868 2002; x_wconf 83' lang='lat' dir='ltr'><em>sponsione</em></span> <span class='ocrx_word' id='word_1_84' title='bbox 901 1908 1026 2002; x_wconf 87' lang='lat' dir='ltr'><em>potius)</em></span> <span class='ocrx_word' id='word_1_85' title='bbox 1070 1934 1178 2002; x_wconf 85' lang='lat' dir='ltr'><em>nuper</em></span> 
     </span>
     <span class='ocr_line' id='line_1_12' title="bbox 100 2022 1181 2118; baseline -0.002 -26"><span class='ocrx_word' id='word_1_86' title='bbox 100 2042 243 2092; x_wconf 84' lang='lat' dir='ltr'><em>exactus</em></span> <span class='ocrx_word' id='word_1_87' title='bbox 272 2050 328 2091; x_wconf 88' lang='lat' dir='ltr'><em>es:</em></span> <span class='ocrx_word' id='word_1_88' title='bbox 367 2026 487 2118; x_wconf 84' lang='lat' dir='ltr'><em>quibus</em></span> <span class='ocrx_word' id='word_1_89' title='bbox 527 2024 780 2091; x_wconf 87' lang='lat' dir='ltr'><em>concedendum</em></span> <span class='ocrx_word' id='word_1_90' title='bbox 821 2044 871 2091; x_wconf 85' lang='lat' dir='ltr'><em>est</em></span> <span class='ocrx_word' id='word_1_91' title='bbox 904 2048 971 2091; x_wconf 92' lang='lat' dir='ltr'><em>non</em></span> <span class='ocrx_word' id='word_1_92' title='bbox 1004 2022 1091 2091; x_wconf 84' lang='lat' dir='ltr'><em>male</em></span> <span class='ocrx_word' id='word_1_93' title='bbox 1123 2023 1181 2090; x_wconf 78' lang='lat' dir='ltr'><em>ills</em></span> 
     </span>
     <span class='ocr_line' id='line_1_13' title="bbox 97 2141 1192 2234; baseline -0.005 -26"><span class='ocrx_word' id='word_1_94' title='bbox 97 2141 265 2234; x_wconf 70' lang='lat' dir='ltr'><em>explanari</em></span> <span class='ocrx_word' id='word_1_95' title='bbox 291 2143 423 2208; x_wconf 79' lang='lat' dir='ltr'><em>brevius</em></span> <span class='ocrx_word' id='word_1_96' title='bbox 450 2168 467 2208; x_wconf 88' lang='lat' dir='ltr'><em>e</em></span> <span class='ocrx_word' id='word_1_97' title='bbox 494 2158 594 2234; x_wconf 85' lang='lat' dir='ltr'><em>poeta</em></span> <span class='ocrx_word' id='word_1_98' title='bbox 619 2142 816 2233; x_wconf 79' lang='lat' dir='ltr'><em>significatu:</em></span> <span class='ocrx_word' id='word_1_99' title='bbox 843 2143 977 2233; x_wconf 82' lang='lat' dir='ltr'><em>Nempe</em></span> <span class='ocrx_word' id='word_1_100' title='bbox 1001 2162 1085 2234; x_wconf 70' lang='lat' dir='ltr'><em>pisas</em></span> <span class='ocrx_word' id='word_1_101' title='bbox 1102 2165 1192 2234; x_wconf 88' lang='lat' dir='ltr'><em>spo-.</em></span> 
     </span>
     <span class='ocr_line' id='line_1_14' title="bbox 92 2255 1180 2351; baseline 0 -29"><span class='ocrx_word' id='word_1_102' title='bbox 92 2256 219 2350; x_wconf 85' lang='lat' dir='ltr'><em>pondi:</em></span> <span class='ocrx_word' id='word_1_103' title='bbox 234 2292 282 2305; x_wconf 92' lang='lat'>-</span> <span class='ocrx_word' id='word_1_104' title='bbox 307 2259 417 2324; x_wconf 85' lang='lat' dir='ltr'><em>Immo</em></span> <span class='ocrx_word' id='word_1_105' title='bbox 440 2281 525 2351; x_wconf 75' lang='lat' dir='ltr'><em>quas</em></span> <span class='ocrx_word' id='word_1_106' title='bbox 550 2256 700 2347; x_wconf 83' lang='lat' dir='ltr'><em>dependi</em></span> <span class='ocrx_word' id='word_1_107' title='bbox 721 2262 861 2351; x_wconf 77' lang='lat' dir='ltr'><em>inquito.</em></span> <span class='ocrx_word' id='word_1_108' title='bbox 912 2259 961 2322; x_wconf 83' lang='lat' dir='ltr'><em>Ex</em></span> <span class='ocrx_word' id='word_1_109' title='bbox 984 2255 1049 2321; x_wconf 92' lang='lat' dir='ltr'><em>illis</em></span> <span class='ocrx_word' id='word_1_110' title='bbox 1072 2273 1180 2322; x_wconf 84' lang='lat' dir='ltr'><em>sutem</em></span> 
     </span>
     <span class='ocr_line' id='line_1_15' title="bbox 96 2371 1179 2467; baseline -0.001 -28"><span class='ocrx_word' id='word_1_111' title='bbox 96 2372 207 2439; x_wconf 83' lang='lat' dir='ltr'><em>verbis</em></span> <span class='ocrx_word' id='word_1_112' title='bbox 232 2371 422 2467; x_wconf 79' lang='lat' dir='ltr'><em>explicandi</em></span> <span class='ocrx_word' id='word_1_113' title='bbox 450 2398 559 2440; x_wconf 79' lang='lat' dir='ltr'><em>caussa</em></span> <span class='ocrx_word' id='word_1_114' title='bbox 587 2374 738 2464; x_wconf 79' lang='lat' dir='ltr'><em>ascriptis</em></span> <span class='ocrx_word' id='word_1_115' title='bbox 763 2399 836 2440; x_wconf 90' lang='lat' dir='ltr'><em>cum</em></span> <span class='ocrx_word' id='word_1_116' title='bbox 856 2398 1000 2450; x_wconf 80' lang='lat' dir='ltr'><em>versum,</em></span> <span class='ocrx_word' id='word_1_117' title='bbox 1028 2371 1179 2465; x_wconf 88' lang='lat' dir='ltr'><em>quisquis</em></span> 
     </span>
     <span class='ocr_line' id='line_1_16' title="bbox 97 2478 1179 2580; baseline -0.002 -26"><span class='ocrx_word' id='word_1_118' title='bbox 97 2488 178 2570; x_wconf 82' lang='lat' dir='ltr'><em>soit,</em></span> <span class='ocrx_word' id='word_1_119' title='bbox 205 2489 337 2553; x_wconf 69' lang='lat' dir='ltr'><em>efficere</em></span> <span class='ocrx_word' id='word_1_120' title='bbox 366 2478 538 2566; x_wconf 72' lang='lat' dir='ltr'><em>studeret,</em></span> <span class='ocrx_word' id='word_1_121' title='bbox 566 2488 684 2554; x_wconf 75' lang='lat' dir='ltr'><em>sectum</em></span> <span class='ocrx_word' id='word_1_122' title='bbox 711 2506 761 2554; x_wconf 89' lang='lat' dir='ltr'><em>est</em></span> <span class='ocrx_word' id='word_1_123' title='bbox 786 2505 822 2552; x_wconf 87' lang='lat' dir='ltr'><em>nt</em></span> <span class='ocrx_word' id='word_1_124' title='bbox 840 2511 905 2580; x_wconf 83' lang='lat' dir='ltr'><em>pro</em></span> <span class='ocrx_word' id='word_1_125' title='bbox 931 2487 1179 2580; x_wconf 77' lang='lat' dir='ltr'><em>praepositione</em></span> 
     </span>
     <span class='ocr_line' id='line_1_17' title="bbox 95 2602 1179 2697; baseline -0.001 -27"><span class='ocrx_word' id='word_1_126' title='bbox 95 2620 173 2671; x_wconf 85' lang='lat' dir='ltr'><em>ente</em></span> <span class='ocrx_word' id='word_1_127' title='bbox 207 2626 316 2696; x_wconf 82' lang='lat' dir='ltr'><em>nuper</em></span> <span class='ocrx_word' id='word_1_128' title='bbox 350 2605 485 2672; x_wconf 79' lang='lat' dir='ltr'><em>traiecto</em></span> <span class='ocrx_word' id='word_1_129' title='bbox 527 2604 669 2670; x_wconf 76' lang='lat' dir='ltr'><em>herbosa</em></span> <span class='ocrx_word' id='word_1_130' title='bbox 708 2602 865 2697; x_wconf 76' lang='lat' dir='ltr'><em>prodiret</em></span> <span class='ocrx_word' id='word_1_131' title='bbox 897 2627 936 2670; x_wconf 82' lang='lat' dir='ltr'><em>oc</em></span> <span class='ocrx_word' id='word_1_132' title='bbox 971 2619 1179 2670; x_wconf 77' lang='lat' dir='ltr'><em>monstruose</em></span> 
     </span>
     <span class='ocr_line' id='line_1_18' title="bbox 95 2708 694 2814; baseline 0.003 -28"><span class='ocrx_word' id='word_1_133' title='bbox 95 2742 271 2814; x_wconf 83' lang='lat' dir='ltr'><em>pronuper</em></span> <span class='ocrx_word' id='word_1_134' title='bbox 292 2719 409 2787; x_wconf 77' lang='lat' dir='ltr'><em>sonmo.</em></span> <span class='ocrx_word' id='word_1_135' title='bbox 691 2708 694 2713; x_wconf 31' lang='lat'>⁸</span> 
     </span>
    </p>
   </div>
   <div class='ocr_carea' id='block_1_4' title="bbox 619 2960 660 3030">
    <p class='ocr_par' dir='ltr' id='par_1_4' title="bbox 619 2960 660 3030">
     <span class='ocr_line' id='line_1_19' title="bbox 619 2960 660 3030; baseline -0.024 0"><span class='ocrx_word' id='word_1_136' title='bbox 619 2960 660 3030; x_wconf 83' lang='lat' dir='ltr'><em>V.</em></span> 
     </span>
    </p>
   </div>
   <div class='ocr_carea' id='block_1_5' title="bbox 91 3174 1174 4781">
    <p class='ocr_par' dir='ltr' id='par_1_5' title="bbox 93 3174 1174 3733">
     <span class='ocr_line' id='line_1_20' title="bbox 191 3174 1171 3271; baseline 0.008 -32"><span class='ocrx_word' id='word_1_137' title='bbox 191 3176 380 3242; x_wconf 86' lang='lat' dir='ltr'><em>Trinummi</em></span> <span class='ocrx_word' id='word_1_138' title='bbox 405 3174 464 3255; x_wconf 89' lang='grc' dir='ltr'><strong>ΙΙΙ,</strong></span> <span class='ocrx_word' id='word_1_139' title='bbox 479 3179 512 3255; x_wconf 75' lang='lat'><em>2,</em></span> <span class='ocrx_word' id='word_1_140' title='bbox 536 3194 713 3270; x_wconf 78' lang='lat' dir='ltr'><em>postquam</em></span> <span class='ocrx_word' id='word_1_141' title='bbox 727 3175 891 3271; x_wconf 83' lang='lat' dir='ltr'><em>Lysiteles</em></span> <span class='ocrx_word' id='word_1_142' title='bbox 912 3199 1029 3246; x_wconf 81' lang='lat' dir='ltr'><em>versus</em></span> <span class='ocrx_word' id='word_1_143' title='bbox 1050 3174 1110 3246; x_wconf 84' lang='lat'><em>60.</em></span> <span class='ocrx_word' id='word_1_144' title='bbox 1125 3180 1171 3250; x_wconf 90' lang='grc'><em>61</em></span> 
     </span>
     <span class='ocr_line' id='line_1_21' title="bbox 94 3289 1174 3389; baseline 0.003 -31"><span class='ocrx_word' id='word_1_145' title='bbox 94 3291 224 3376; x_wconf 85' lang='lat' dir='ltr'><em>(Tanto</em></span> <span class='ocrx_word' id='word_1_146' title='bbox 240 3292 373 3358; x_wconf 82' lang='lat' dir='ltr'><em>meliust</em></span> <span class='ocrx_word' id='word_1_147' title='bbox 389 3290 431 3357; x_wconf 81' lang='lat' dir='ltr'><em>sd</em></span> <span class='ocrx_word' id='word_1_148' title='bbox 450 3291 574 3358; x_wconf 83' lang='lat' dir='ltr'><em>toleres</em></span> <span class='ocrx_word' id='word_1_149' title='bbox 593 3289 743 3375; x_wconf 88' lang='lat' dir='ltr'><em>moenia)</em></span> <span class='ocrx_word' id='word_1_150' title='bbox 762 3294 997 3384; x_wconf 80' lang='lat' dir='ltr'><em>pronuntiavit,</em></span> <span class='ocrx_word' id='word_1_151' title='bbox 1022 3294 1174 3389; x_wconf 79' lang='lat' dir='ltr'><em>sequitur</em></span> 
     </span>
     <span class='ocr_line' id='line_1_22' title="bbox 93 3407 1172 3503; baseline 0.004 -30"><span class='ocrx_word' id='word_1_152' title='bbox 93 3408 272 3476; x_wconf 85' lang='lat' dir='ltr'><em>Lesbonici</em></span> <span class='ocrx_word' id='word_1_153' title='bbox 297 3409 418 3488; x_wconf 77' lang='lat' dir='ltr'><em>oratio,</em></span> <span class='ocrx_word' id='word_1_154' title='bbox 444 3429 462 3474; x_wconf 86' lang='lat' dir='ltr'><em>st</em></span> <span class='ocrx_word' id='word_1_155' title='bbox 487 3435 516 3474; x_wconf 80' lang='lat' dir='ltr'><em>v.</em></span> <span class='ocrx_word' id='word_1_156' title='bbox 541 3407 588 3477; x_wconf 71' lang='lat'><em>62</em></span> <span class='ocrx_word' id='word_1_157' title='bbox 615 3408 718 3493; x_wconf 83' lang='lat' dir='ltr'><em>(Nolo</em></span> <span class='ocrx_word' id='word_1_158' title='bbox 739 3430 805 3499; x_wconf 78' lang='lat' dir='ltr'><em>ego</em></span> <span class='ocrx_word' id='word_1_159' title='bbox 830 3410 915 3475; x_wconf 81' lang='lat' dir='ltr'><em>milti</em></span> <span class='ocrx_word' id='word_1_160' title='bbox 936 3424 970 3475; x_wconf 82' lang='lat' dir='ltr'><em>te</em></span> <span class='ocrx_word' id='word_1_161' title='bbox 995 3424 1067 3477; x_wconf 84' lang='lat' dir='ltr'><em>tam</em></span> <span class='ocrx_word' id='word_1_162' title='bbox 1088 3436 1172 3503; x_wconf 81' lang='lat' dir='ltr'><em>pro-</em></span> 
     </span>
     <span class='ocr_line' id='line_1_23' title="bbox 95 3520 1169 3615; baseline 0.006 -28"><span class='ocrx_word' id='word_1_163' title='bbox 95 3528 255 3615; x_wconf 80' lang='lat' dir='ltr'><em>spicere.</em></span> <span class='ocrx_word' id='word_1_164' title='bbox 282 3571 290 3588; x_wconf 89' lang='lat'><strong>.</strong></span> <span class='ocrx_word' id='word_1_165' title='bbox 313 3520 338 3607; x_wconf 91' lang='lat'><em>.)</em></span> <span class='ocrx_word' id='word_1_166' title='bbox 362 3522 541 3615; x_wconf 81' lang='lat' dir='ltr'><em>incipiens,</em></span> <span class='ocrx_word' id='word_1_167' title='bbox 563 3523 598 3588; x_wconf 89' lang='lat' dir='ltr'><em>in</em></span> <span class='ocrx_word' id='word_1_168' title='bbox 624 3523 705 3589; x_wconf 83' lang='lat' dir='ltr'><em>haec</em></span> <span class='ocrx_word' id='word_1_169' title='bbox 732 3541 842 3590; x_wconf 83' lang='lat' dir='ltr'><em>eutem</em></span> <span class='ocrx_word' id='word_1_170' title='bbox 868 3526 969 3591; x_wconf 83' lang='lat' dir='ltr'><em>verbe</em></span> <span class='ocrx_word' id='word_1_171' title='bbox 994 3525 1169 3594; x_wconf 84' lang='lat' dir='ltr'><em>desinens:</em></span> 
     </span>
     <span class='ocr_line' id='line_1_24' title="bbox 111 3633 1168 3733; baseline 0.005 -28"><span class='ocrx_word' id='word_1_172' title='bbox 111 3637 160 3733; x_wconf 66' lang='lat'><em>66</em></span> <span class='ocrx_word' id='word_1_173' title='bbox 190 3633 276 3731; x_wconf 81' lang='lat' dir='ltr'><em>Quis</em></span> <span class='ocrx_word' id='word_1_174' title='bbox 294 3663 347 3705; x_wconf 86' lang='lat' dir='ltr'><em>me</em></span> <span class='ocrx_word' id='word_1_175' title='bbox 373 3635 557 3732; x_wconf 76' lang='lat' dir='ltr'><em>improbior</em></span> <span class='ocrx_word' id='word_1_176' title='bbox 577 3633 797 3729; x_wconf 68' lang='lat' dir='ltr'><em>pirltibeatur</em></span> <span class='ocrx_word' id='word_1_177' title='bbox 821 3634 923 3706; x_wconf 76' lang='lat' dir='ltr'><em>sisse?</em></span> <span class='ocrx_word' id='word_1_178' title='bbox 946 3634 1039 3732; x_wconf 63' lang='lat' dir='ltr'><em>[ltaec</em></span> <span class='ocrx_word' id='word_1_179' title='bbox 1053 3647 1168 3731; x_wconf 86' lang='lat' dir='ltr'><em>fami-</em></span> 
     </span>
    </p>

    <p class='ocr_par' dir='ltr' id='par_1_6' title="bbox 105 3754 1167 4065">
     <span class='ocr_line' id='line_1_25' title="bbox 602 3754 817 3846; baseline -0.005 -26"><span class='ocrx_word' id='word_1_180' title='bbox 602 3813 615 3826; x_wconf 82' lang='lat'><em>.</em></span> <span class='ocrx_word' id='word_1_181' title='bbox 680 3754 817 3846; x_wconf 78' lang='lat' dir='ltr'><em>gena&#39;tio</em></span> 
     </span>
     <span class='ocr_line' id='line_1_26' title="bbox 105 3861 1167 3951; baseline 0.007 -16"><span class='ocrx_word' id='word_1_182' title='bbox 105 3902 109 3909; x_wconf 91' lang='lat'>·</span> <span class='ocrx_word' id='word_1_183' title='bbox 190 3866 237 3936; x_wconf 87' lang='lat' dir='ltr'><em>Te&#39;</em></span> <span class='ocrx_word' id='word_1_184' title='bbox 262 3871 441 3947; x_wconf 71' lang='lat' dir='ltr'><em>honestet,</em></span> <span class='ocrx_word' id='word_1_185' title='bbox 480 3894 532 3937; x_wconf 90' lang='lat' dir='ltr'><em>me</em></span> <span class='ocrx_word' id='word_1_186' title='bbox 565 3868 689 3937; x_wconf 78' lang='lat' dir='ltr'><em>autsim&#39;</em></span> <span class='ocrx_word' id='word_1_187' title='bbox 704 3870 895 3951; x_wconf 65' lang='lat' dir='ltr'><em>collusum,</em></span> <span class='ocrx_word' id='word_1_188' title='bbox 931 3861 963 3936; x_wconf 83' lang='lat' dir='ltr'><em>sl</em></span> <span class='ocrx_word' id='word_1_189' title='bbox 987 3875 1062 3939; x_wconf 86' lang='lat' dir='ltr'><em>sine</em></span> <span class='ocrx_word' id='word_1_190' title='bbox 1086 3874 1167 3942; x_wconf 86' lang='lat' dir='ltr'><em>dote</em></span> 
     </span>
     <span class='ocr_line' id='line_1_27' title="bbox 676 3979 834 4065; baseline 0 -15"><span class='ocrx_word' id='word_1_191' title='bbox 676 3979 834 4065; x_wconf 62' lang='lat' dir='ltr'><em>duxerim</em></span> 
     </span>
    </p>

    <p class='ocr_par' dir='ltr' id='par_1_7' title="bbox 190 4095 1165 4195">
     <span class='ocr_line' id='line_1_28' title="bbox 190 4095 1165 4195; baseline -0.002 -27"><span class='ocrx_word' id='word_1_192' title='bbox 190 4096 270 4168; x_wconf 76' lang='lat' dir='ltr'><em>Tibi</em></span> <span class='ocrx_word' id='word_1_193' title='bbox 292 4105 338 4168; x_wconf 87' lang='lat' dir='ltr'><em>sit</em></span> <span class='ocrx_word' id='word_1_194' title='bbox 361 4096 620 4169; x_wconf 69' lang='lat' dir='ltr'><em>emolumentum</em></span> <span class='ocrx_word' id='word_1_195' title='bbox 640 4099 798 4181; x_wconf 75' lang='lat' dir='ltr'><em>lionoris,</em></span> <span class='ocrx_word' id='word_1_196' title='bbox 821 4095 925 4177; x_wconf 83' lang='lat' dir='ltr'><em>milti,</em></span> <span class='ocrx_word' id='word_1_197' title='bbox 958 4103 1052 4195; x_wconf 78' lang='lat' dir='ltr'><em>quod</em></span> <span class='ocrx_word' id='word_1_198' title='bbox 1073 4105 1165 4175; x_wconf 78' lang='lat' dir='ltr'><em>obis.</em></span> 
     </span>
    </p>

    <p class='ocr_par' dir='ltr' id='par_1_8' title="bbox 91 4211 1171 4781">
     <span class='ocr_line' id='line_1_29' title="bbox 680 4211 889 4297; baseline 0.014 -16"><span class='ocrx_word' id='word_1_199' title='bbox 680 4211 788 4297; x_wconf 84' lang='lat' dir='ltr'><em>cte&#39;nt,</em></span> <span class='ocrx_word' id='word_1_200' title='bbox 814 4219 889 4284; x_wconf 86' lang='lat' dir='ltr'><em>siet.</em></span> 
     </span>
     <span class='ocr_line' id='line_1_30' title="bbox 91 4329 1166 4429; baseline 0.002 -26"><span class='ocrx_word' id='word_1_201' title='bbox 91 4331 286 4429; x_wconf 84' lang='lat' dir='ltr'><em>Respondet</em></span> <span class='ocrx_word' id='word_1_202' title='bbox 306 4331 466 4424; x_wconf 75' lang='lat' dir='ltr'><em>Lysiteles</em></span> <span class='ocrx_word' id='word_1_203' title='bbox 492 4356 520 4400; x_wconf 79' lang='lat' dir='ltr'><em>s.</em></span> <span class='ocrx_word' id='word_1_204' title='bbox 545 4329 609 4400; x_wconf 83' lang='lat'><em>69:</em></span> <span class='ocrx_word' id='word_1_205' title='bbox 648 4330 761 4422; x_wconf 76' lang='lat' dir='ltr'><em>Quid?</em></span> <span class='ocrx_word' id='word_1_206' title='bbox 798 4348 832 4398; x_wconf 88' lang='lat' dir='ltr'><em>te</em></span> <span class='ocrx_word' id='word_1_207' title='bbox 857 4332 1061 4402; x_wconf 79' lang='lat' dir='ltr'><em>dictatorem</em></span> <span class='ocrx_word' id='word_1_208' title='bbox 1085 4362 1166 4405; x_wconf 85' lang='lat' dir='ltr'><em>cen·</em></span> 
     </span>
     <span class='ocr_line' id='line_1_31' title="bbox 93 4446 1167 4540; baseline 0.003 -22"><span class='ocrx_word' id='word_1_209' title='bbox 93 4476 146 4518; x_wconf 90' lang='lat' dir='ltr'><em>ses</em></span> <span class='ocrx_word' id='word_1_210' title='bbox 159 4455 266 4539; x_wconf 82' lang='lat' dir='ltr'><em>sore,</em></span> <span class='ocrx_word' id='word_1_211' title='bbox 305 4453 338 4515; x_wconf 90' lang='lat' dir='ltr'><em>si</em></span> <span class='ocrx_word' id='word_1_212' title='bbox 360 4446 421 4512; x_wconf 82' lang='lat' dir='ltr'><em>obs</em></span> <span class='ocrx_word' id='word_1_213' title='bbox 444 4463 479 4513; x_wconf 89' lang='lat' dir='ltr'><em>te</em></span> <span class='ocrx_word' id='word_1_214' title='bbox 505 4470 628 4537; x_wconf 80' lang='lat' dir='ltr'><em>agrum</em></span> <span class='ocrx_word' id='word_1_215' title='bbox 651 4448 876 4540; x_wconf 63' lang='lat' dir='ltr'><em>(sceeperimi⁴</em></span> <span class='ocrx_word' id='word_1_216' title='bbox 898 4449 1028 4519; x_wconf 88' lang='lat' dir='ltr'><em>duobus</em></span> <span class='ocrx_word' id='word_1_217' title='bbox 1056 4474 1167 4523; x_wconf 83' lang='lat' dir='ltr'><em>sutem</em></span> 
     </span>
     <span class='ocr_line' id='line_1_32' title="bbox 95 4553 1171 4658; baseline 0.003 -23"><span class='ocrx_word' id='word_1_218' title='bbox 95 4553 275 4635; x_wconf 84' lang='lat' dir='ltr'><em>Lesbonici</em></span> <span class='ocrx_word' id='word_1_219' title='bbox 299 4564 446 4632; x_wconf 84' lang='lat' dir='ltr'><em>versibus</em></span> <span class='ocrx_word' id='word_1_220' title='bbox 471 4565 675 4655; x_wconf 79' lang='lat' dir='ltr'><em>interpositis</em></span> <span class='ocrx_word' id='word_1_221' title='bbox 695 4567 805 4656; x_wconf 79' lang='lat' dir='ltr'><em>pergit</em></span> <span class='ocrx_word' id='word_1_222' title='bbox 821 4566 855 4629; x_wconf 88' lang='lat' dir='ltr'><em>in</em></span> <span class='ocrx_word' id='word_1_223' title='bbox 877 4565 1083 4658; x_wconf 80' lang='lat' dir='ltr'><em>repudienda</em></span> <span class='ocrx_word' id='word_1_224' title='bbox 1106 4572 1171 4637; x_wconf 89' lang='lat' dir='ltr'><em>hu-</em></span> 
     </span>
     <span class='ocr_line' id='line_1_33' title="bbox 96 4681 1171 4781; baseline 0.006 -32"><span class='ocrx_word' id='word_1_225' title='bbox 96 4686 146 4751; x_wconf 87' lang='lat' dir='ltr'><em>ius</em></span> <span class='ocrx_word' id='word_1_226' title='bbox 174 4681 382 4762; x_wconf 85' lang='lat' dir='ltr'><em>condicione,</em></span> <span class='ocrx_word' id='word_1_227' title='bbox 406 4681 590 4747; x_wconf 64' lang='lat' dir='ltr'><em>ursionem</em></span> <span class='ocrx_word' id='word_1_228' title='bbox 616 4695 796 4771; x_wconf 84' lang='lat' dir='ltr'><em>pertexens</em></span> <span class='ocrx_word' id='word_1_229' title='bbox 811 4681 1037 4754; x_wconf 83' lang='lat' dir='ltr'><em>Lesbonieeoe</em></span> <span class='ocrx_word' id='word_1_230' title='bbox 1053 4706 1171 4781; x_wconf 71' lang='lat' dir='ltr'><em>magns</em></span> 
     </span>
    </p>
   </div>
   <div class='ocr_carea' id='block_1_6' title="bbox 937 4796 984 4872">
    <p class='ocr_par' dir='ltr' id='par_1_9' title="bbox 937 4796 984 4872">
     <span class='ocr_line' id='line_1_34' title="bbox 937 4796 984 4872; baseline -0.064 0"><span class='ocrx_word' id='word_1_231' title='bbox 937 4796 984 4872; x_wconf 76' lang='lat'><em>34</em></span> 
     </span>
    </p>
   </div>
   <div class='ocr_carea' id='block_1_7' title="bbox 0 0 1414 5332">
    <p class='ocr_par' dir='ltr' id='par_1_10' title="bbox 0 0 1414 5332">
     <span class='ocr_line' id='line_1_35' title="bbox 0 0 1414 5332; baseline 0 0"><span class='ocrx_word' id='word_1_232' title='bbox 0 0 1414 5332; x_wconf 95' lang='lat' dir='ltr'><em> </em></span> 
     </span>
    </p>
   </div>
  </div>
 </body>
</html>
