2820 5332
250 673 322 746 568
566 698 607 744 rx.
658 700 699 741 ns
728 695 1016 744 tusesaoesrroua

252 875 342 940 sioni
369 873 396 940 si
420 871 520 939 altera
551 871 634 940 haec
660 873 858 951 accesserit,
890 850 981 939 cuius
1013 895 1128 939 caussa
1158 870 1342 940 exauditus

251 989 358 1057 effossi
384 989 527 1055 thesauri
553 988 698 1068 sonitus,
736 986 779 1053 de
806 988 962 1053 thesauro
985 1012 1039 1054 res
1062 989 1173 1055 omnis·
1195 989 1343 1080 patefiet

251 1105 297 1192 (v.
323 1108 381 1176 25.
400 1103 466 1173 ‘262
491 1107 640 1170 sonitum
662 1127 707 1170 ace
732 1104 788 1169 ille
810 1101 985 1181 amemus,
1012 1127 1067 1182 tas,
1091 1107 1124 1170 si
1143 1101 1243 1170 simul
1268 1103 1340 1170 do-

250 1238 319 1288 tem
343 1220 392 1286 de
417 1243 508 1288 meo
534 1219 619 1286 darc
644 1218 801 1297 demerim,
824 1222 1021 1310 semipsum
1041 1216 1211 1315 indaget).
1239 1221 1335 1314 Ergo

248 1354 285 1404 ut
308 1335 351 1403 de
378 1337 530 1404 thesauro
556 1334 640 1402 nihil
663 1350 907 1427 permanascat,
930 1332 1056 1426 duplex
1076 1335 1154 1400 iniri
1188 1335 1241 1401 via
1266 1359 1337 1428 po-

248 1469 322 1530 test,
346 1468 401 1518 aut
420 1471 458 1520 ut
482 1449 584 1518 altera
603 1450 719 1517 saltem
745 1449 943 1541 suspicionis
969 1474 1081 1517 causss
1106 1438 1267 1533 tollatur,¹
1282 1476 1331 1518 nc

247 1565 333 1634 duae
360 1565 457 1635 simul
482 1565 702 1646 concurrent,
728 1583 783 1632 aut
809 1582 845 1631 ut
869 1582 1021 1657 utraque.
1071 1566 1114 1632 Et
1139 1565 1226 1634 hanc
1251 1567 1333 1659 qui·

248 1682 326 1749 dem
349 1680 505 1750 Callicles
541 1682 669 1749 insistit.
721 1681 784 1749 Cui
817 1677 870 1747 vel
904 1674 1024 1748 fodere
1057 1682 1217 1748 metuenti
1251 1707 1333 1748 cum

244 1797 482 1893 Megaronides
503 1796 745 1890 respondisset,
770 1799 813 1863 ita
829 1795 966 1889 quidem
981 1820 1079 1864 omne
1090 1796 1329 1891 depromendi

244 1916 316 1983 auri
343 1890 938 1982 consilium⁰omuino“obiiciendum
966 1936 1058 1993 esse,
1100 1913 1256 1982 Callicles
1284 1940 1330 1982 ne

245 2054 329 2122 opus
354 2030 492 2122 quidem
518 2054 591 2097 esse
618 2030 663 2096 ait
686 2027 771 2098 illud
797 2045 833 2094 ut
859 2028 1017 2096 continno
1042 2028 1116 2096 fiat:
1144 2053 1245 2123 posse
1272 2057 1329 2097 ar-

246 2165 382 2240 gentum
408 2147 569 2238 tantisper
589 2163 737 2211 mutuum
764 2144 857 2223 sumi,
879 2162 1016 2235 reperta
1039 2161 1146 2211 autem
1173 2144 1329 2213 fodiendi

121 2294 125 2304 ·
156 2304 161 2321 ι
246 2263 493 2352 opportunitate
520 2279 597 2354 post
621 2259 801 2353 aliquando
827 2258 937 2326 reddi.
1001 2261 1154 2327 Mutuum
1180 2263 1271 2328 enim
1299 2266 1330 2330 si

246 2377 404 2455 sumitur,
441 2377 520 2443 binc
545 2392 653 2443 autem
679 2376 840 2467 virginem
864 2373 1008 2441 dotatam
1035 2400 1108 2443 esse
1134 2395 1167 2443 et
1189 2377 1330 2445 Lesbo·

245 2493 322 2558 nico
348 2493 490 2559 innotuit
516 2510 549 2560 et
572 2492 659 2557 inter
685 2493 774 2558 cives
788 2490 1012 2582 percrebruit,
1038 2489 1134 2556 simul
1150 2515 1331 2557 commen-

244 2608 339 2673 ticiae
365 2608 576 2699 benignitatis
601 2608 824 2698 suspicionem
842 2609 943 2672 sene'x
963 2631 1031 2671 ase
1055 2608 1225 2672 amoverit.
1251 2610 1332 2675 Neo

245 2741 296 2789 est
322 2748 380 2788 cur
408 2721 472 2790 hoc
499 2721 637 2815 quidem
664 2719 838 2787 consilium
863 2745 928 2810 per
952 2744 988 2785 se
1014 2722 1227 2813 improbetur
1247 2725 1332 2789 Me-

245 2835 413 2926 garonidi:
441 2861 541 2902 unum
560 2836 626 2904 hoc
645 2854 750 2928 negat,
778 2832 942 2901 creditum
960 2837 1001 2899 iri
1023 2836 1210 2926 pecuniam.
1234 2837 1330 2929 Ergo

245 2949 384 3017 duarum
411 2949 553 3030 illarum,
579 2975 664 3043 quae
686 2950 859 3042 patebant,
882 2950 1007 3016 viarum
1033 2949 1170 3016 alteram
1196 2951 1332 3043 ample·

246 3090 304 3131 xus
330 3065 567 3159 Megaronides
594 3067 668 3133 satis
688 3090 759 3131 esse
786 3063 875 3144 dicit,
902 3065 929 3130 si
955 3062 1057 3130 ultera
1073 3083 1199 3132 tantum
1219 3067 1332 3157 suspi-

247 3180 345 3247 candi
371 3207 482 3250 caussa
513 3202 735 3249 removeatur:
773 3178 875 3246 ellodi
908 3183 978 3246 sine
1012 3180 1080 3246 ullo
1108 3181 1226 3247 timore
1252 3182 1331 3248 the-

246 3322 377 3363 saurum
399 3323 514 3389 posse,
546 3298 812 3391 necquicquam
837 3296 1063 3363 Lesbonicum
1090 3297 1239 3388 quemvis
1269 3321 1330 3364 so-

246 3414 317 3478 nitu
340 3412 492 3479 exaudito
519 3415 771 3505 suspicaturum,
797 3408 899 3477 modo
925 3435 967 3476 ne
993 3429 1137 3476 asemet
1159 3408 1242 3488 dari,
1270 3436 1329 3478 vs-

245 3552 318 3591 rum
345 3554 363 3592 a
388 3547 483 3618 patre
509 3531 640 3595 missam
668 3553 739 3594 esse
768 3526 879 3593 dotem
895 3525 1050 3594 Callicles
1078 3526 1177 3594 dicat.
1212 3532 1330 3620 Atque

243 3642 279 3706 in
305 3641 389 3710 hanc
414 3658 544 3735 partem
570 3644 774 3735 apertissime
800 3640 856 3707 illa
879 3641 997 3723 valent,
1024 3670 1052 3709 v.
1080 3640 1238 3735 54sqq.:

586 3759 660 3839 boc,
684 3759 742 3824 aba·
765 3758 962 3823 thesaurum
987 3757 1162 3846 effoderis,

341 3873 574 3968 Suspicionem
600 3874 643 3941 ab
668 3875 886 3940 adulescente
908 3878 1084 3940 amoveris.

239 3991 444 4074 Quibuscum
470 4019 517 4060 vv.
545 3992 691 4063 69-76
718 3989 957 4058 contendendi.
983 4029 1032 4045 -
1064 3993 1191 4054 Tantae
1221 3988 1329 4082 igitur

240 4104 336 4172 molis
365 4127 443 4186 erat,
470 4135 488 4173 e
513 4109 687 4174 temeraria
713 4109 902 4199 suspicione
928 4105 1219 4173 innocentissimos
1240 4094 1328 4172 'ver-

241 4246 295 4287 sus
318 4224 465 4294 28-33
492 4223 698 4303 defendere,
739 4248 880 4317 quorum
907 4223 934 4289 si
960 4220 1073 4314 paullo
1100 4219 1327 4302 reconditior,

239 4352 273 4403 st
295 4336 420 4405 eadem
440 4339 611 4407 sanissima
632 4339 716 4405 ratio
743 4356 801 4405 est.
862 4338 990 4422 Quibus
1025 4336 1160 4431 quidem
1187 4337 1325 4405 omissis

236 4454 456 4548 versibusque
483 4458 529 4524 27
558 4473 591 4521 et
615 4451 662 4524 34
694 4455 890 4522 continuatis
928 4453 1051 4546 ecquid
1083 4432 1218 4520 omuino
1247 4456 1323 4520 seni

236 4567 389 4637 relictum
417 4569 484 4651 est‘,
512 4595 575 4639 nec
601 4569 814 4638 balbutientis
831 4573 942 4662 potius
965 4571 1097 4663 pueruli
1122 4569 1240 4636 similis
1267 4596 1323 4637 sa·

235 4685 459 4778 pientissimus
484 4706 583 4781 pocta
611 4688 744 4757 existit?
787 4690 876 4782 Ergo
899 4690 962 4756 sibi
984 4691 1094 4782 potius
1118 4689 1183 4758 hoc
1207 4685 1327 4759 laudis
