2820 5332
451 684 614 726 artavum
643 681 836 726 salvamus.
1114 658 1181 729 551

105 850 186 915 nalis
214 849 393 927 sententia,
426 853 517 916 cuins
544 854 607 916 iam
632 853 672 916 ab
695 852 790 918 initio
814 851 897 917 sacta
926 870 996 918 erat
1022 853 1187 942 significa-

105 967 147 1031 tio
168 963 213 1048 *):
240 964 298 1031 sed
322 968 438 1030 iterata
466 984 515 1030 cst
541 968 697 1033 uberiore
725 969 922 1059 interposita
949 966 1187 1060 descriptione,

106 1107 171 1172 qua
197 1107 271 1149 cum
306 1083 486 1173 propinqui
521 1083 610 1147 exitii
646 1085 738 1149 notio
776 1103 931 1174 tanquam
965 1100 1041 1148 ante
1074 1081 1187 1149 oculos

107 1215 266 1287 ponatur,
293 1194 449 1282 facillime
481 1215 513 1261 et
539 1197 706 1262 sentiendi
734 1200 861 1263 veritati
887 1201 962 1264 satis
991 1198 1190 1264 convenien-

109 1330 161 1375 ter·
187 1310 228 1375 acl
259 1312 407 1402 praestiti
442 1311 551 1375 aitxilii
587 1314 817 1406 cogitationem
854 1317 980 1378 animus
1005 1329 1189 1378 sevocatus.

108 1426 311 1518 intelligisne
337 1427 454 1517 igitur,
478 1453 575 1517 quam
605 1429 781 1494 commode
805 1449 881 1520 post
905 1427 958 1493 dei
987 1428 1188 1492 mentionem

110 1544 149 1605 nl)
173 1543 266 1606 initio
292 1541 407 1606 stactam
427 1541 566 1632 (ubsque
592 1560 632 1607 te
644 1542 762 1629 soret)
790 1546 823 1608 in
849 1545 915 1609 line
937 1544 1085 1635 potuerit
1112 1543 1191 1604 sim-

26 1724 30 1729 ,
111 1657 242 1746 pliciter·
263 1681 335 1747 pax
361 1660 613 1722 eonunernorari
640 1683 707 1724 non
740 1657 855 1724 addito
882 1675 942 1723 tua
969 1655 1189 1750 pronomine?

108 1807 154 1819 -
179 1772 219 1833 V.
238 1773 280 1838 lll
309 1796 373 1836 non
402 1770 534 1835 dubiam
565 1772 703 1839 ilcidnlii
730 1772 993 1838 emendationem
1020 1769 1143 1861 Apage
1168 1791 1192 1833 a
1217 1814 1222 1820 -

108 1911 160 1949 mo
186 1885 508 1952 conli1·matAmbr·.z
540 1889 573 1950 in
605 1888 744 1979 reliquis
777 1887 870 1953 libr-is
898 1887 1021 1954 excidit
1047 1908 1196 1978 praepo-¹

106 2002 192 2067 sitio.
244 2003 280 2065 ln
311 2001 493 2066 eorundem
519 2003 681 2092 scriptura
704 2002 831 2067 deiude
859 2002 952 2076 Ιιίηο,
979 2026 996 2066 e
1023 2027 1089 2093 qua
1112 2002 1188 2067 satis

108 2143 172 2206 per·
204 2143 240 2181 sc
277 2118 495 2207 probabiliter
531 2122 741 2185 liermannus
778 2118 932 2183 effecerat
963 2116 1090 2182 deinde
1122 2117 1190 2193 laic,

107 2232 240 2297 llotlrius
279 2238 451 2324 perspexit
481 2235 607 2300 deliine
634 2235 758 2309 latere,
793 2234 917 2298 delusae
943 2237 1011 2297 iam
1037 2233 1191 2324 praebuit

108 2350 222 2413 :lurbn
256 2350 324 2415 Sed
351 2352 517 2416 serissime
545 2353 754 2416 Hermannus
781 2375 833 2414 me
855 2354 925 2414 otio
949 2348 1043 2427 daie,
1072 2367 1106 2413 ct
1123 2347 1191 2413 ‹lis-

109 2485 246 2555 crepant
270 2467 334 2556 ipsi
356 2464 451 2547 libri,
490 2491 633 2559 quorum
666 2466 755 2533 solus
782 2467 896 2530 Amba.
922 2470 992 2530 otio
1018 2463 1102 2528 dare
1128 2486 1191 2543 mo,
1263 2524 1267 2537 ,

111 2581 210 2645 ceteri
238 2585 308 2645 otio
335 2605 386 2645 me
412 2581 506 2647 dare.
547 2621 596 2637 -
643 2582 684 2647 V.
708 2585 754 2649 ‘20
785 2582 951 2646 immerito
980 2581 1189 2644 Heumannus

109 2694 271 2761 librorum
298 2699 487 2762 memoriam
516 2696 644 2789 Quibus
669 2703 842 2762 aerumnis
867 2696 1051 2773 delectavi,
1087 2695 1134 2780 (h.
1160 2718 1189 2761 e.

108 2816 193 2876 satis
216 2828 352 2904 partum
377 2811 485 2877 liabeo
512 2816 553 2877 iis
574 2817 764 2902 aerumnis,
790 2809 908 2905 quihus
935 2837 998 2874 -:
1035 2809 1070 2875 id
1096 2808 1190 2902 quotl

108 2927 157 2994 vel
184 2929 318 2993 Bothius
339 2947 504 2994 assecutus
531 2926 594 3011 est)
621 2929 815 3020 posthabuit
840 2926 947 2992 fallaci
970 2925 1071 2990 Nonii
1097 2923 1189 2990 testi·
1231 2914 1240 2928 ’

107 3044 219 3109 monio
247 3069 280 3135 p.
306 3042 397 3112 468:
437 3045 519 3112 Cum
541 3044 632 3110 hisce
654 3048 827 3110 aerumnis
850 3041 1043 3117 detrectavi,
1067 3055 1191 3106 mutato

109 3157 246 3250 quidem
276 3184 350 3223 cum
374 3160 407 3223 in
433 3158 513 3223 dum
537 3159 638 3252 (quae
657 3159 817 3252 particula
834 3183 902 3225 non
925 3157 1103 3235 ddactavi,
1127 3154 1189 3221 secl

161 3431 185 3501 Ἴ
210 3430 256 3480 ΙΙίο
277 3427 488 3497 quemadmodum
515 3428 618 3494 gemina
646 3427 757 3494 protasis
783 3426 893 3493 simplici
921 3423 1046 3476 dirimitur
1072 3420 1191 3491 spodosi,

214 3527 248 3575 its
272 3523 382 3592 simplici
409 3524 505 3591 protasi
533 3520 629 3589 duplex
654 3521 777 3589 speciosis
805 3520 928 3588 Asscltyll
955 3521 1026 3589 Sept.
1051 3521 1190 3588 lllsqq.=

212 3621 268 3674 ἀλλ’
288 3624 333 3675 ini
353 3619 500 3691 ιῐοριοίἰονΙ
515 3619 675 3691 πρόδρομος
689 3613 802 3685 ἦλθον
818 3617 924 3688 ἀρχαῖα
943 3623 1022 3687 βρέτη
1035 3621 1129 3670 θεοῖσι
1144 3619 1180 3668 nl

109 3723 112 3739 '
213 3735 313 3775 noros.
340 3711 465 3786 νιφάδος
484 3709 529 3768 ὅτ’
549 3712 631 3773 ὀλοᾶς
649 3719 809 3787 νιφομένας
835 3714 939 3784 βρόμος
959 3714 989 3765 ἐν
1007 3709 1125 3772 πύλαις,
1156 3700 1189 3774 δὴ

104 3791 110 3799 ’
152 3798 154 3803 ⁴
212 3811 277 3864 sir·
295 3811 417 3884 ᾔρθην
439 3807 517 3881 φόβῳ
536 3801 610 3880 πρός
624 3807 766 3880 μακάρων
788 3804 870 3867 λιτάς.
894 3837 924 3848 —
950 3804 1060 3857 Plautini
1080 3801 1192 3870 exempli

215 3905 357 3955 simillimos
378 3905 490 3955 dicerem
509 3903 610 3970 prologi
639 3902 783 3954 Terentiam
812 3915 919 3963 versus,
948 3898 1050 3950 Phoros.
1072 3901 1104 3950 13
1119 3914 1192 3966 sqq.:

221 4000 294 4049 Vetus
312 4001 341 4049 si
360 4008 436 4067 posta
454 4016 523 4050 non
546 3999 697 4059 lacessisset,
722 3994 824 4047 nuttam
844 3996 962 4046 inveniro
977 3992 1110 4062 prolapsam
1129 4010 1192 4062 pos·
1291 4055 1297 4065 ἱ

216 4103 252 4145 set
267 4110 346 4144 nosos
366 4094 444 4158 (luem
464 4095 570 4157 diceret,
591 4093 674 4144 nisi
690 4091 795 4142 haberet
812 4092 854 4142 cui
870 4089 1050 4141 malediceret:
1076 4090 1125 4140 nisi
1144 4088 1192 4141 lto·

219 4205 272 4240 rum
293 4197 448 4255 postremum
469 4205 588 4242 versuum
607 4188 745 4239 insiticium
763 4201 822 4238 esse
839 4193 865 4238 et
882 4185 1071 4254 eglosssmstis
1093 4183 1193 4237 conis-

218 4294 269 4335 tum
289 4283 356 4334 Guil.
374 4284 461 4336 lhnius
481 4285 585 4348 Quaest.
611 4284 711 4334 Terent.
732 4298 758 4350 p.
777 4279 812 4333 42
833 4284 931 4333 naviter
957 4282 1121 4348 perspesisss
1152 4284 1193 4332 ui.

217 4380 327 4430 deretur.
371 4378 417 4432 Cui
449 4389 498 4430 tarn
520 4379 562 4430 diu
590 4377 814 4430 obsecundandum
842 4376 1027 4444 intelligimus,
1056 4393 1131 4447 qnam
1150 4377 1193 4429 diu

218 4475 437 4537 condicere,
468 4473 513 4525 sed
538 4473 700 4525 scribere
715 4472 849 4543 prolepsim
868 4480 1000 4540 poetae
1024 4488 1082 4524 esse
1101 4473 1193 4524 existi-

217 4570 334 4620 mabitur.
365 4600 398 4608 —
435 4570 553 4621 Ceterum
571 4570 719 4635 nuperrime
737 4569 770 4621 (le
787 4566 835 4619 lroc
855 4582 951 4636 genere
970 4569 1045 4620 etlam
1066 4564 1190 4637 Bergkltts

220 4667 283 4717 dixit
302 4666 383 4717 llusei
405 4664 495 4731 pltilol.
513 4664 557 4729 lll,
577 4680 603 4732 p.
623 4663 684 4716 tit.
