2820 5332
395 692 419 733 t.
460 691 503 734 ne
530 694 646 737 rusvrt
675 695 802 738 roerir
830 696 1021 741 sonmnvs.
1206 681 1248 751 ot
1270 689 1272 694 ⁴

159 883 272 932 tomen
297 865 462 959 sagaciter
490 868 719 959 excogitatum,
747 866 791 933 ub
826 866 989 934 irundine
1014 895 1079 962 pro
1105 896 1128 937 a
1143 879 1254 959 frea.

129 1051 142 1077 ι
161 982 237 1047 dice
262 981 313 1065 ⁶),
352 979 490 1074 quando
526 999 561 1050 et
584 981 769 1050 inauditum
794 1002 845 1050 est
866 1000 900 1048 et
923 983 1123 1052 incredibile
1148 991 1256 1055 avium

164 1121 271 1188 genus
288 1095 447 1181 frendit:
473 1097 525 1163 vel
546 1096 712 1183 frendeo:
736 1100 887 1177 nomine,
913 1097 1012 1165 valde
1039 1118 1148 1166 eutem
1176 1127 1258 1169 con-

162 1236 280 1304 gruum
308 1213 342 1276 iu
369 1211 587 1278 hirundinum
614 1237 744 1305 vocem·
755 1217 949 1300 fritinniie
973 1215 1122 1280 verbum.
1149 1216 1188 1283 ld
1201 1218 1264 1311 igi-

164 1344 217 1392 tur
244 1351 320 1393 eum
348 1326 446 1393 etiem
461 1326 628 1394 Muellero
652 1324 816 1418 placeret,
843 1352 962 1420 purum
977 1346 1089 1395 tumeo
1106 1328 1164 1396 ille
1176 1330 1259 1423 pru-

165 1441 286 1508 denter
312 1440 503 1510 hirundinis
530 1444 734 1509 mentionem
761 1444 890 1534 putavit
912 1467 987 1509 oum
1010 1445 1084 1534 ipso
1094 1444 1259 1512 versiculo

165 1583 181 1621 n
208 1574 314 1622 semet
341 1555 548 1624 conformato
575 1580 675 1647 posse
698 1556 886 1623 conciliari:
913 1581 932 1621 e
947 1557 1088 1643 fronde
1104 1561 1260 1644 fritinni

163 1675 327 1746 suaviter,
352 1696 439 1763 quoe
466 1669 569 1737 voluit
594 1671 722 1737 initium
752 1695 823 1737 esse
850 1673 985 1738 senarii.
1038 1673 1103 1756 Qui
1139 1674 1167 1739 si
1205 1697 1261 1737 re-

166 1812 240 1853 rum
272 1803 425 1852 naturum
460 1787 626 1876 cognitam
660 1786 848 1864 habuisset,
886 1786 1087 1853 hirundines
1121 1785 1260 1878 quidem

167 1903 317 1968 sciuisset
341 1925 360 1966 e
386 1898 509 1967 l'ronde
536 1924 708 1992 nunquam
732 1918 865 1966 cantum
894 1897 997 1966 edere
1022 1924 1087 1967 nec
1112 1925 1259 1994 unquam
1357 1924 1361 1928 ·

167 2016 342 2082 arboribus
365 2012 524 2084 insidere.
549 2016 727 2081 Praeterea
755 2016 841 2080 seire
860 2015 971 2105 cupio,
998 2040 1096 2107 quem
1124 2015 1261 2081 tandem

168 2128 354 2196 Muellerus
376 2131 441 2194 vim
458 2111 613 2215 fritiniri
637 2128 898 2220 imperativi
925 2152 996 2194 esse
1013 2128 1168 2203 voluerie
1185 2129 1261 2196 Neo

168 2242 210 2310 sd
234 2246 306 2337 ipsu
332 2245 468 2338 vestigio
495 2240 651 2311 codicum
681 2260 746 2309 tum
772 2241 831 2309 ille
855 2268 966 2335 prope
993 2245 1134 2311 occessit
1159 2268 1261 2338 quem

169 2357 270 2426 licere
297 2361 507 2429 arbitremur.
560 2357 720 2425 Omnium
751 2376 861 2423 eutem
895 2359 1032 2424 minime
1057 2358 1193 2451 placere
1218 2355 1262 2421 il-

169 2472 229 2539 lud
261 2490 392 2565 potest,
426 2473 517 2567 quod
554 2474 630 2539 satis
663 2474 747 2538 miro
782 2471 921 2540 artificio
954 2473 1005 2538 M.
1043 2468 1169 2539 Accius
1206 2467 1261 2536 vel

168 2586 324 2661 Maccius
349 2590 502 2667 nomine,
530 2584 623 2679 quod
648 2587 801 2679 sequitur
825 2587 860 2651 in
888 2583 1078 2666 codicibus,
1108 2588 1152 2651 itu
1178 2585 1262 2650 abu-

170 2726 224 2770 sus
260 2720 328 2785 est,
367 2722 404 2769 ut
433 2700 530 2773 Mati
563 2700 701 2795 quidem
734 2718 882 2768 servaret
921 2699 1076 2784 (Matium
1101 2700 1169 2766 diei
1195 2699 1264 2765 Mi·

170 2818 393 2885 miamborum
418 2816 617 2909 scriptorem
642 2834 676 2883 et
702 2813 816 2880 Iliadis
838 2815 1055 2901 interpretem
1064 2808 1111 2892 **)
1131 2826 1263 2901 putans,

173 2935 264 3000 euius
301 2931 500 2999 testimoniis
538 2930 643 2997 Varro
666 2925 792 3020 paullo
824 2944 899 2990 unte
927 2944 1001 2990 usus
1027 2921 1046 3008 S
1072 2920 1132 2992 95.
1156 2921 1204 2996 96
1228 2949 1264 3016 p.

173 3050 243 3114 371
271 3070 322 3139 sq.
337 3043 423 3138 Sp),
448 3044 553 3111 solum
580 3060 689 3109 nutem
708 3067 746 3106 us
769 3037 931 3132 syllabam
958 3034 1109 3103 relictum
1138 3062 1211 3105 esse
1225 3063 1265 3104 ex

172 3161 255 3252 ipsis
280 3159 377 3226 Mutii
400 3159 531 3239 verbis,
564 3159 739 3224 maximam
767 3170 894 3247 purtem
920 3152 1000 3218 hine
1025 3149 1163 3242 elapsis,
1199 3149 1265 3217 sibi

174 3271 407 3366 persuaderes
427 3320 443 3345 -,
458 3272 564 3340 Immo
588 3290 645 3338 eut
667 3269 882 3336 vehementer
908 3263 1007 3330 fallor
1033 3283 1089 3331 rut
1113 3267 1148 3330 in
1174 3289 1266 3332 mac-

174 3393 244 3453 eius
269 3386 322 3454 vel
343 3381 492 3452 'martius
516 3385 632 3452 litteris
659 3385 732 3476 ipse
759 3383 865 3469 exitus
890 3377 1046 3446 versiculi
1071 3405 1090 3442 a
1111 3380 1265 3445 Varrone

140 3518 143 3523 ’
171 3501 295 3597 prolati
322 3499 534 3595 quaerendus
559 3519 621 3567 est:
657 3502 694 3564 in
728 3497 858 3562 Casina
891 3493 980 3563 euim
1020 3510 1053 3559 et
1079 3517 1165 3586 quae
1193 3510 1268 3558 sunt

173 3615 294 3683 similia
319 3613 413 3681 nullo
438 3614 622 3706 praemisso
653 3629 778 3705 poetae
810 3609 945 3676 nomine
970 3607 1085 3675 dicere
1107 3607 1268 3699 perfami-

174 3729 257 3795 linre
283 3729 439 3795 Varroni.
467 3725 581 3812 Quid?
610 3725 704 3820 quod
730 3723 831 3804 idem,
855 3747 922 3790 nee
948 3721 984 3787 id
1009 3720 1164 3813 prolecto
1180 3745 1269 3801 roro,

177 3840 408 3937 exemplorum
436 3868 454 3909 a
479 3858 587 3910 semet
613 3857 889 3937 expromptorum
917 3837 1025 3904 fontes
1056 3858 1193 3928 prorsus
1220 3853 1269 3931 μ-

175 3959 268 4025 οιιὶι.’
292 3952 393 4041 Quod
420 3954 500 4023 dum
526 3954 594 4022 buc
619 3952 850 4033 accommodo,
875 3952 1031 4044 primum·
1047 3974 1163 4017 sanare
1181 3945 1270 4013 mul-

175 4064 317 4136 ‘titutum
345 4087 503 4162 rormpto
529 4067 592 4137 hue
620 4067 672 4134 vis
696 4067 935 4132 instituebamz.
965 4062 1023 4130 Sir
1046 4078 1080 4161 et
1105 4060 1148 4124 ab
1171 4063 1268 4126 irmi-

177 4181 474 4273 dr'ne:srende
499 4175 782 4268 dtfritinni:
808 4173 1006 4244 sudviter
1036 4169 1138 4267 [pol]
1164 4171 1271 4242 mde-

210 4412 236 4479 ‘)
262 4395 471 4471 ration—sin
503 4405 631 4475 §aligeri
658 4405 792 4456 inventum
819 4417 879 4455 ene
898 4403 997 4454 nonnit
1016 4401 1179 4471 Spengelini.
1216 4405 1274 4475 Ego
1370 4426 1373 4430 ·

283 4494 432 4562 exemplum
449 4495 614 4560 Bipontiuun
632 4499 673 4561 (p.
692 4491 759 4559 ast)
775 4498 881 4543 secutus
900 4505 964 4542 sum

212 4594 254 4657 ⁰⁸)
282 4588 321 4640 oe
341 4603 394 4656 quo
411 4604 496 4655 nuper
515 4588 594 4639 etinn
612 4585 740 4639 Fidentes
761 4585 816 4652 egit
836 4596 927 4637 eoum
958 4584 992 4635 de
1011 4583 1171 4652 Apollodoro
1203 4585 1277 4654 Perg.

286 4684 312 4726 ot
328 4674 426 4726 theod.
448 4673 510 4725 Gnd.
532 4689 557 4740 p.
576 4673 610 4727 23
630 4688 687 4740 sqq.
