2820 5332
499 737 532 780 u.
562 739 607 781 oc
633 736 762 783 rnrtrc
789 738 919 783 actvm.
1204 719 1252 790 57

158 941 227 982 ncc
255 911 466 980 collocationi
493 914 671 981 verborum
697 916 773 981 satis
801 912 968 981 consuluit
997 933 1031 982 et
1057 942 1176 1009 parum
1201 944 1254 986 as-

159 1047 295 1095 secutus
323 1045 372 1093 cst
397 1027 461 1093 vint
489 1029 701 1108 coniunctivi,
728 1052 795 1120 quo
812 1027 949 1119 quidem
971 1029 1005 1094 id
1024 1031 1144 1122 ipsum,
1161 1032 1255 1124 quod

159 1160 310 1208 sumatur
336 1158 462 1208 tantum
488 1140 532 1206 de
558 1141 640 1206 alius
664 1143 838 1221 sententia,
870 1143 1085 1235 significetur„
1134 1146 1254 1213 Novis-

159 1258 234 1322 simi
261 1273 371 1322 autcm
399 1253 537 1321 editoris
561 1257 652 1322 Petri
679 1255 828 1322 defensio
854 1255 948 1346 quod
978 1256 1162 1348 particulae
1186 1282 1255 1327 non

160 1368 351 1437 verendum
377 1387 428 1434 cst
451 1393 494 1434 nc
521 1371 716 1461 cuiusquam
739 1370 853 1436 sensui
878 1370 1036 1437 arrideat.
1087 1373 1193 1438 Nobis
1227 1374 1256 1438 si

161 1483 317 1550 ctlcndus
342 1486 385 1549 sit
407 1486 539 1562 Brutus,
567 1484 777 1576 intelligendi
805 1486 1032 1554 commoditati
1059 1487 1123 1553 hac
1148 1512 1255 1553 mem-

160 1600 300 1665 brorum
324 1597 537 1665 distinctione
563 1600 819 1667 subveniamus:
852 1602 900 1667 In
921 1625 988 1693 quo
1011 1616 1130 1666 tantus
1155 1622 1255 1666 error

160 1711 255 1781 Attii
274 1716 375 1800 fuit,
407 1731 445 1779 ut
475 1714 528 1796 Itis
560 1713 753 1780 consulibus
786 1736 892 1782 xxxx
917 1738 1031 1783 annos
1058 1730 1160 1783 natm
1181 1716 1255 1784 En-

162 1831 241 1893 nius
257 1830 386 1915 fucrit.
440 1829 507 1897 Cui
528 1833 561 1894 si
583 1829 737 1922 aequalia
762 1854 790 1898 c.
818 1855 851 1921 q.
876 1854 901 1896 s.

664 2075 696 2161 S.
723 2071 758 2145 «l.

260 2217 473 2285 Intellectum
501 2239 550 2286 est
571 2219 634 2287 hac
661 2220 898 2314 disputatione,
925 2248 942 2286 a
970 2222 1135 2289 Cicerone
1157 2219 1256 2289 Plau·

166 2348 233 2403 tum
270 2356 386 2400 revera
420 2330 487 2398 dici
514 2335 621 2400 Ennio
651 2334 824 2428 'aliquanto
864 2335 1044 2402 maiorem:
1077 2353 1256 2428 praetcrea

165 2447 283 2514 multas
308 2449 375 2513 iam
400 2448 504 2514 luisse
531 2475 558 2514 a.
585 2447 657 2517 556
683 2444 789 2515 Plauti
814 2450 1001 2542 Nacviiquc
1027 2448 1155 2515 fabulas
1183 2447 1256 2513 edi-

165 2579 225 2627 tas.
253 2560 557 2634 Wiudischmanno
582 2581 694 2629 autem
722 2566 783 2631 etsi
803 2562 900 2630 facile
920 2561 1134 2630 concedimus
1154 2585 1256 2655 possc

163 2694 239 2745 octo
265 2675 317 2743 vel
344 2675 464 2744 decem
489 2703 653 2745 annorum
675 2679 817 2772 spatium
844 2679 921 2745 satis
949 2702 1021 2744 esse
1044 2677 1086 2743 ad
1110 2679 1176 2745 vim
1194 2675 1258 2742 ali-

164 2808 293 2885 quanto
318 2794 409 2859 vocis
437 2791 654 2886 explendam,
691 2811 804 2861 tamen
846 2792 951 2860 altera
989 2810 1147 2882 exparte
1171 2788 1257 2855 nihil

163 2907 317 2998 proiecto
352 2905 518 2999 impedit,
557 2908 734 3000 quominus
770 2909 866 2973 etiam
900 2907 935 2970 in
968 2905 1099 2996 longius
1127 2923 1257 2995 tempus

167 3021 289 3088 cadere
312 3022 556 3088 usitatissimum
585 3048 687 3114 genus
713 3017 877 3114 loquendi
902 3017 987 3085 illud
1016 3035 1160 3111 putetur.
1186 3012 1258 3084 Sed

162 3137 215 3202 his
242 3120 482 3230 aliquantisper
517 3138 624 3203 missis
650 3132 694 3202 ad
719 3135 859 3203 alterum
885 3152 1117 3228 argumentum
1149 3129 1258 3226 quod-

163 3251 238 3318 ‹lam
264 3250 519 3346 progredimur,
558 3250 649 3344 quod
684 3250 878 3343 significavit
911 3250 1023 3342 potius
1049 3273 1150 3340 quam
1175 3272 1257 3339 pcr-

166 3368 313 3435 tractavit
334 3369 532 3434 Peterscnus
555 3368 589 3432 in
602 3368 695 3433 Diar.
723 3367 827 3458 antiq.
849 3362 935 3432 stud.
962 3391 991 3429 a.
1011 3362 1105 3432 1836
1122 3388 1156 3455 p.
1174 3360 1255 3431 615.

165 3483 301 3549 Exstant
332 3481 423 3575 apud
458 3482 678 3576 Augustiuum
714 3482 786 3548 civ.
822 3481 865 3547 D.
890 3479 933 3558 ll,
964 3477 987 3548 9
1030 3477 1203 3544 Ciceronis
1223 3502 1256 3543 ¹c

165 3615 282 3689 quarto
316 3593 361 3663 de
390 3594 564 3689 republica
599 3595 688 3662 libro
721 3596 807 3664 hacc
841 3595 955 3663 verba:
994 3591 1058 3659 sed
1076 3588 1255 3662 Periclem.

166 3737 239 3776 cum
276 3715 345 3778 iam
376 3736 460 3778 suae
494 3715 628 3778 civitati
665 3715 815 3778 maxima
857 3713 1066 3775 auctoritate
1092 3708 1257 3800 plurimos

165 3851 276 3895 aranos
313 3826 408 3894 domi
440 3844 475 3894 et
506 3827 587 3893 belli
620 3831 848 3919 praesumet,
888 3825 1011 3892 violari
1048 3820 1198 3890 versibus
1221 3837 1257 3887 ct

165 3946 226 4032 agi
249 3940 280 4028 *)
308 3949 345 4010 in
367 3968 473 4010 scena
498 3967 570 4009 non
592 3942 669 4034 plus
694 3940 821 4017 decuit,
843 3964 945 4035 quam
969 3944 1001 4006 si
1023 3939 1175 4023 Plautus·
1193 3959 1257 4002 no-

166 4075 236 4126 ster
271 4059 434 4126 voluisset
461 4075 523 4126 aut
558 4060 709 4127 Naevius
738 4054 861 4128 Publio
885 4073 919 4123 et
946 4055 1064 4125 Cnaeo
1090 4051 1256 4143 Scipioni,

167 4219 464 4233 ——ssffl

215 4303 243 4372 ')
263 4303 391 4369 vulgatur
409 4311 432 4356 et
451 4320 494 4355 coa
511 4304 563 4372 aqi,
601 4301 752 4354 Rectissime
770 4314 922 4368 pronomen,
944 4300 970 4349 in
991 4312 1042 4365 quo
1061 4312 1118 4348 com
1142 4294 1186 4347 clii
1204 4302 1257 4346 tum

266 4392 451 4459 sagacissimus
480 4389 608 4457 Bcrgltius
634 4397 724 4440 noster
747 4388 772 4438 in
798 4385 933 4438 Fritaschii
960 4385 1065 4448 Quaest.
1094 4380 1257 4450 Aristoph.l

265 4493 294 4544 p.
319 4478 372 4530 319
398 4476 650 4539 concrematam,
680 4473 793 4527 Cobetus
818 4472 899 4524 doleri
922 4473 998 4524 iussit
1025 4470 1134 4524 Observ.
1155 4472 1212 4523 crit.
1230 4472 1257 4522 in

265 4562 332 4618 rut.
350 4578 416 4616 com.
434 4581 460 4632 p.
480 4565 521 4616 13.
556 4561 623 4615 Illud
648 4569 733 4614 autom
753 4562 815 4612 satis
833 4561 918 4612 mirari
939 4573 1061 4626 nequeo,
1089 4558 1218 4626 quomodo
1237 4573 1252 4608 c

267 4649 402 4702 Ciceronis
419 4650 506 4702 verbis
526 4648 710 4702 Klussmannus
728 4663 754 4715 p.
776 4647 816 4699 16.
837 4647 889 4699 223
914 4645 1070 4696 contrarium
1089 4645 1138 4698 hoc
1157 4645 1257 4696 olfccc-

268 4737 312 4802 rit,
332 4736 359 4790 iu
373 4736 514 4808 Scipiones
531 4735 648 4791 Plantam
664 4734 841 4804 Naeviunquo
858 4734 977 4817 iurcetoa
997 4747 1064 4787 case.
1224 4786 1237 4800 ⁸
1244 4771 1258 4799 ,
