2820 5332
435 626 576 670 annuite
603 630 844 674 ruaenrtantn.
1108 611 1177 683 591

554 828 732 875 crannus.

126 919 173 986 ‘20
250 919 311 985 lca
335 914 389 984 ris
415 936 475 985 est.
529 919 684 987 Gnatam
720 916 784 988 tibi
807 919 921 987 ¹metam
945 920 1182 993 Plziltimcnam

248 1028 398 1102 on'rem
423 1053 456 1100 ct
482 1035 573 1101 dotis
600 1033 663 1103 stite
684 1038 817 1103 talenta
841 1034 1003 1130 sprindeo.

225 1149 353 1216 Horum
379 1148 544 1244 pleraque
569 1177 637 1219 non
664 1178 763 1245 cgere
798 1152 849 1219 vel
882 1153 1105 1246 explicatione
1130 1158 1180 1224 vcl

102 1264 298 1332 defensione
333 1284 505 1358 putamus:
546 1285 580 1333 ut
606 1267 650 1333 de
676 1271 789 1359 paucis
816 1268 968 1336 videatur
993 1271 1182 1365 singillatim

100 1381 318 1449 monendum.
372 1383 420 1449 Ac
440 1379 506 1450 ud
532 1400 685 1476 praestat,
711 1382 802 1475 quod
827 1410 868 1449 ex
894 1404 1038 1479 utroque
1066 1386 1183 1455 codice

102 1499 311 1589 recepimus,
349 1495 473 1590 Guyeti
506 1501 714 1591 scripturae3
750 1524 836 1591 quae
862 1519 898 1566 nt
922 1499 1107 1582 toleretur,
1139 1506 1187 1569 sie

102 1611 305 1679 sublevanda
347 1612 619 1706 interpungendo
651 1615 765 1679 suerit:
807 1616 922 1682 Perii:
965 1616 1027 1698 ala,
1064 1620 1183 1694 Dave,

101 1728 145 1793 cle
172 1764 239 1793 -.
291 1731 371 1796 Mox
397 1754 465 1796 non
496 1728 633 1796 latinum
667 1747 726 1795 est*
741 1729 904 1821 loquendi
929 1757 1054 1826 genus,
1090 1734 1183 1827 quod

100 1846 277 1936 proposuit
293 1843 528 1938 *Doederlinns
556 1849 626 1910 vita
650 1868 725 1910 sors
749 1837 948 1940 sustollitur.
1092 1850 1133 1915 V.
1160 1851 1182 1915 5

101 1984 170 2025 non
195 1959 327 2028 videtur
353 1960 503 2027 eiusdem
529 1958 832 2029 hac'distinctione
857 1986 941 2055 opus
973 1989 1063 2030 esse:
1099 1988 1182 2029 eon.

100 2074 191 2140 dicio
214 2093 275 2141 est.
319 2074 361 2144 St
386 2077 574 2151 voluissem,
596 2076 774 2167 Panaplnle
800 2114 869 2152 —,
899 2096 934 2145 nt
958 2081 1075 2149 omissa
1098 2104 1181 2171 apo-

101 2191 175 2258 dosi
203 2195 309 2260 oratio
335 2194 510 2259 insistatur.
554 2196 636 2260 Nam
659 2191 732 2258 illa:
760 2218 832 2258 non
858 2216 948 2258 noctu
972 2198 1078 2260 istaec
1103 2195 1187 2260 :niti

100 2307 258 2402 condicio
284 2325 336 2374 est
357 2326 502 2402 aequant
533 2309 666 2376 brevius
689 2307 815 2376 (lictum
851 2309 944 2374 istud
966 2309 1101 2400 quidem
1119 2334 1183 2402 po-

101 2427 239 2488 tuissem
278 2425 309 2494 h.
333 2450 361 2495 e.
398 2429 494 2491 istius
534 2423 670 2518 quidem
707 2422 920 2489 condicionis
958 2425 1180 2517 accipiendae

98 2538 233 2622 pridem
254 2539 339 2605 milti
362 2544 461 2631 copia
475 2542 585 2626 facta
606 2554 703 2606 esset.
814 2537 901 2607 V.6
941 2540 976 2605 in
1001 2540 1182 2634 legitimam

101 2679 289 2721 mensuram
312 2657 455 2749 graviter
473 2680 548 2721 cum
561 2655 742 2720 Grauertus
769 2673 835 2721 tum
856 2654 1080 2722 Doederlinus
1104 2683 1186 2749 pec-

104 2787 243 2852 carunt,
278 2795 421 2864 quorum
449 2770 507 2837 ille
533 2765 684 2845 'Occide
722 2765 835 2847 Dave,
866 2766 965 2860 perii.
1000 2772 1078 2839 cler.
1112 2771 1185 2840 Sed

103 2886 140 2949 id
164 2919 223 2964 —-‚
245 2887 301 2954 hic
323 2906 432 2953 autem
458 2887 592 2979 scripsit
612 2879 757 2960 ‘Occidt
782 2888 890 2955 Dave.
912 2885 990 2952 Chr.
1016 2887 1182 2953 Μάνιο-

104 3002 163 3068 ct.
187 3003 290 3068 Perii.
319 3001 397 3069 cnr.
422 3000 468 3071 Id
496 3037 555 3066 ·-.
619 2990 818 3093 Suseeptum
851 3026 869 3066 a
894 3002 992 3067 nobis
1023 3027 1065 3068 ex
1092 3020 1183 3071 utro-

102 3141 168 3208 que
195 3116 313 3185 codice
339 3141 449 3194 marre,
475 3119 527 3185 cui
549 3114 633 3183 male
660 3114 726 3209 ud
751 3114 918 3203 adiectum
934 3116 1177 3196 adiunximus,

104 3255 143 3296 eo
170 3228 273 3308 valet,
300 3231 392 3325 quod
420 3230 604 3309 Charinus,
639 3232 697 3323 qui
723 3255 788 3295 una
815 3256 890 3297 cum
914 3215 1007 3298 Davo
1033 3230 1182 3324 paullum
1228 3308 1231 3313 y

102 3364 302 3426 secesserat,
341 3346 460 3414 auditis
494 3346 679 3412 Chremetis
713 3345 824 3410 verbis
856 3344 1042 3437 desperans
1073 3348 1183 3412 animo

101 3463 224 3528 abitum
250 3461 396 3553 parabat
435 3459 551 3528 Simile
578 3458 741 3552 quiddam
768 3462 928 3553 consequi
954 3459 1091 3527 Bothius
1114 3478 1184 3527 stu·

102 3576 191 3642 duit:
227 3570 404 3656 'Occidin’,
442 3575 562 3642 Dave?
611 3576 656 3640 D.
687 3567 872 3669 'Opperire
910 3575 988 3642 Cina
1032 3575 1080 3642 Id
1119 3610 1183 3640 -.

101 3694 144 3760 V.
172 3698 192 3762 7
215 3690 388 3785 praeclare
417 3689 550 3759 codices
577 3694 737 3773 omnino,
766 3709 800 3757 et
825 3718 855 3758 v.
882 3692 1035 3780 proximo
1062 3687 1182 3755 nobis:

102 3807 196 3899 quod
221 3810 430 3901 suspicamur
456 3809 551 3874 etiam
578 3808 614 3872 in
636 3808 664 3872 Ε
690 3825 817 3872 exstare
844 3803 891 3870 sie
912 3804 1038 3895 pictum
1063 3806 1130 3870 nis.

100 3922 216 3988 Verba
241 3921 416 3989 demeare
450 3942 541 3991 recte
574 3924 639 3988 iam
673 3922 810 3987 Bothius
839 3917 1016 4003 discrevit3
1055 3921 1089 3984 in
1126 3946 1183 3986 ex-

102 4038 333 4106 clamationem
376 4040 538 4106 Charinus
576 4038 743 4128 erumpit,
776 4031 912 4100 simulac
945 4033 1110 4102 levissima
1151 4038 1182 4102 ei

102 4179 178 4245 spes
205 4153 365 4219 oboritur.
477 4155 517 4221 V.
544 4153 567 4222 9
595 4146 807 4218 incredibilia
830 4178 895 4220 nee
921 4149 996 4218 ullis
1019 4151 1181 4219 machinis

102 4267 303 4334 excusabilia
329 4267 434 4335 moliti
459 4285 535 4335 sunt
548 4268 695 4348 Boetius,
722 4267 913 4348 Grauertus,
939 4265 1179 4334 Doederlinus:

101 4409 186 4475 quae
213 4385 254 4449 ab
276 4384 358 4476 ipsis
384 4402 508 4476 petant,
534 4387 562 4450 si
588 4384 645 4475 qui
668 4406 807 4450 noscere
836 4384 1080 4476 concupierint.
1120 4406 1182 4449 no-

100 4514 175 4564 stra
200 4516 250 4566 est
284 4499 473 4566 Chremetis
500 4517 533 4567 et
554 4500 697 4566 Simonis
731 4500 888 4567 amicitia:
923 4498 1030 4565 studii
1062 4524 1179 4566 eorru-

99 4634 193 4709 ptum
221 4641 239 4684 e
265 4621 336 4682 sui:
373 4640 414 4682 ex
439 4615 736 4708 interpretamento
762 4633 871 4682 cutem
898 4634 968 4682 orte
994 4613 1180 4682 adductm
