2820 5332
422 683 675 739 uosrsttaatae
704 680 896 729 ratramne.
1129 660 1199 732 447

509 962 714 1063 Caput
764 963 807 1039 Il.

499 1087 500 1090 Ἴ
535 1126 592 1191 De
618 1124 795 1215 lacunis.

608 1291 637 1378 ς.
676 1297 705 1359 t.

217 1447 361 1511 Tantum
389 1444 434 1512 de
461 1469 540 1513 rero
566 1468 740 1513 scenarum
767 1467 866 1515 actus
904 1449 990 1516 tertii
1024 1451 1201 1544 quartique

117 1560 248 1640 ordine,
276 1586 376 1654 quem
404 1562 824 1630 Ambrosianiauctom'tate
850 1586 987 1658 prorsus
1004 1566 1200 1656 confirmare

115 1677 218 1747 licuit.
269 1675 481 1770 Pergendu'm
508 1694 557 1743 est
584 1678 626 1744 ad
652 1677 799 1772 reliquas
827 1679 967 1748 schedas
987 1679 1134 1747 eiusdem
1159 1681 1200 1747 li-

114 1794 168 1858 bri
195 1791 385 1886 diligeotius
414 1793 641 1871 excutiendas,
667 1797 734 1860 sive
759 1820 812 1860 eas
832 1798 1027 1887 superstites
1051 1797 1119 1862 sive
1139 1795 1200 1863 de·

118 1908 276 2001 perditas,
303 1908 438 2002 quando
466 1910 527 1975 hae
555 1933 691 2002 qnoque
719 1909 801 2002 quid
829 1910 908 1976 olim
935 1912 1198 1979 continuerinte

117 2025 332 2117 superstitum
360 2027 607 2118 comparatione
626 2024 833 2118 intelligitur,
860 2045 1036 2120 postquam
1063 2052 1199 2122 magna-

117 2167 189 2205 rum
228 2139 358 2207 illarum
390 2143 562 2209 turbarum
593 2142 774 2210 immunem
804 2143 904 2210 luisse
937 2144 1196 2210 Ambrosianum

115 2257 229 2349 patuit.

215 2373 256 2437 Et
281 2390 316 2437 ut
340 2373 381 2437 ab
408 2373 446 2438 iis
474 2372 654 2452 ordiamur,
672 2400 758 2466 quae
785 2376 982 2466 superstites
1010 2392 1096 2453 sunt,
1124 2399 1199 2466 gra·

116 2488 318 2554 vissimarum
346 2486 537 2553 lacunarum
562 2490 687 2556 indicio
713 2488 791 2555 illae
815 2506 909 2568 sunt,
936 2512 1017 2582 quas
1044 2493 1079 2556 nt
1108 2508 1142 2555 et
1168 2490 1199 2573 Q

114 2599 233 2668 litteris
258 2602 466 2693 signavimus.
520 2601 614 2668 Illius
641 2603 729 2669 euim
758 2603 993 2697 paginaaltera
1012 2601 1113 2690 (448)
1141 2629 1198 2670 sex

114 2718 230 2782 habuit
252 2719 293 2782 ab
319 2718 391 2808 ipso
417 2719 511 2785 initio
537 2742 651 2785 versus
676 2719 767 2786 iuter
798 2744 878 2799 eos,
917 2720 975 2812 qui
1008 2744 1099 2785 nunc
1121 2737 1199 2786 suut

113 2833 171 2912 IV,
196 2835 227 2911 Q,
252 2833 299 2902 30
334 2831 446 2920 (Heus
472 2857 550 2908 ros,
569 2831 683 2926 pueri)
712 2850 746 2900 et
771 2838 813 2904 31
853 2833 958 2922 (Erus
982 2834 1037 2899 laic
1062 2832 1195 2919 noster)

112 2949 341 3040 interpositos.
405 2952 554 3032 Quorum
584 2973 741 3017 versuum
772 2974 882 3043 prope
918 2948 1057 3018 evanida
1096 2951 1196 3017 vesti-

113 3066 181 3155 gia,
214 3064 266 3128 vix
291 3065 445 3130 umbram
473 3063 640 3157 quandam
666 3065 849 3132 litterarum
874 3065 1072 3156 referentia,
1096 3065 1197 3134 litho-

111 3179 227 3270 graphi
255 3200 358 3271 opera
385 3182 629 3273 repraesentari
655 3181 689 3248 iu
719 3180 846 3248 adiecta
874 3182 950 3249 huic
983 3185 1121 3276 paginae
1148 3204 1195 3248 ta-

111 3294 189 3360 bula
216 3296 306 3361 iussi.
359 3297 385 3361 E
412 3297 532 3388 quibus
558 3298 586 3362 si
614 3298 760 3364 extiterit
791 3299 849 3390 qui
874 3297 1008 3364 voculas
1033 3299 1195 3390 probabi-

110 3411 187 3477 liter
209 3413 368 3489 extricet,
400 3410 553 3478 laetabor
577 3411 813 3507 laudaboque3
849 3411 1007 3507 equidem
1033 3415 1194 3494 abstineo,

109 3527 213 3621 idque
242 3553 283 3594 eo
309 3529 434 3620 magis,
459 3526 551 3620 quod
576 3525 620 3594 ad
645 3552 835 3595 sermonum
862 3530 1084 3622 integritatem
1113 3554 1193 3597 con-

112 3645 374 3739 cinnitatemque
400 3644 483 3710 nihil
512 3643 927 3738 quicquamdeaideratur.
961 3646 1080 3738 ltaque
1100 3650 1192 3713 iocos

110 3760 273 3853 quosdam
300 3779 331 3826 et
357 3759 488 3828 facetias
511 3762 726 3852 interpositas
752 3761 850 3826 suisse
874 3777 966 3851 puto,
994 3762 1113 3853 quibus
1133 3762 1194 3828 ali-

110 3879 306 3968 quantisper
331 3875 586 3968 'l'heuropidetn
613 3877 735 3942 servoli
759 3875 906 3941 ludibrio
933 3876 1107 3955 haberent,
1130 3874 1193 3943 sed

111 3994 153 4056 ita
180 4008 290 4056 tamen
319 4009 354 4056 ut
378 3990 762 4084 petulantiorPlranisco
790 4012 969 4056 conservus
984 4007 1079 4070 esset,
1107 4016 1193 4084 quo·

107 4107 193 4171 niam
221 4104 263 4171 de
291 4105 347 4173 illo
374 4132 476 4172 senex
499 4102 581 4175 ast
608 4129 689 4170 nom
715 4121 748 4170 te
774 4107 818 4170 ait
843 4128 916 4169 esse
942 4103 1095 4171 arbitror
1108 4130 1192 4199 pue-

108 4245 182 4284 rum
204 4219 356 4312 prolum.
408 4223 496 4312 Ergo
521 4246 595 4287 etam
619 4223 790 4314 quaerenti
817 4222 908 4285 seni:

208 4334 302 4400 Heus
316 4352 388 4413 ro}
408 4341 516 4429 pueri,
541 4336 625 4428 quid
641 4341 719 4402 istic
736 4339 868 4427 agitis?
892 4338 975 4432 qnid
986 4344 1070 4405 istas
1095 4339 1191 4405 aedis

588 4454 791 4543 frangitis?

107 4567 148 4633 ab
175 4567 267 4631 initio
297 4564 363 4632 tale
391 4567 552 4660 quiddam
585 4568 854 4660 respondissent:
890 4570 973 4663 quid
997 4570 1034 4637 id
1059 4571 1107 4636 ad
1132 4571 1191 4636 te?

105 4701 182 4748 tuas
207 4706 262 4748 res
294 4704 394 4764 cura,
426 4704 498 4748 nou
524 4681 679 4759 alienas,
717 4703 751 4751 et
776 4710 861 4778 quae
890 4689 1026 4781 eogitari
1052 4707 1192 4780 possunt
