2820 5332
411 659 655 706 nosrstttinau
683 668 873 712 caterinae.
1103 646 1175 719 189

48 871 51 875 -
106 832 232 922 paginis
259 835 447 926 perscripta
476 852 546 916 est,
578 839 612 902 in
638 837 746 905 media
777 865 875 907 scena
900 842 1008 934 prima
1028 862 1118 910 actus
1144 844 1177 908 II

108 971 127 1010 a
152 947 267 1037 priore
284 933 460 1016 ordinandi
480 953 618 1032 ratione,
644 979 730 1045 quae
751 953 838 1023 solet
853 956 968 1024 usitata
987 984 1072 1041 esse,
1097 960 1178 1028 inde

105 1086 123 1123 a
151 1086 179 1125 v.
206 1062 252 1131 29
274 1064 401 1130 subitus
422 1067 575 1133 transitus
601 1067 638 1135 fit
661 1067 704 1134 ad
730 1068 886 1146 alteram,
911 1091 987 1162 post
1011 1091 1061 1139 tet·
1083 1075 1179 1142 binos

110 1193 218 1241 autem
246 1201 358 1245 versus
383 1180 430 1245 sic
454 1183 660 1274 perscriptos

304 1312 350 1381 29
400 1311 493 1378 Audi
751 1317 799 1385 30
851 1319 886 1386 V
885 1321 981 1382 iatici

300 1425 344 1492 31
396 1426 449 1492 ΝΘ
476 1441 512 1490 tu
751 1433 798 1501 32
850 1434 888 1502 V
888 1431 923 1497 bi
946 1432 1034 1498 nihil

301 1540 347 1607 33
395 1540 486 1606 Nam
510 1545 561 1605 ita
753 1543 799 1613 311
851 1547 1048 1641 Voluptarii

88 1695 240 1773 misum
261 1670 303 1736 ad
326 1672 471 1764 priorem
497 1672 635 1741 reditur.
685 1676 713 1741 Ε
739 1676 795 1743 tali
819 1679 918 1772 igitur
942 1680 1034 1746 sonte
1060 1682 1095 1746 in
1120 1680 1177 1746 illa

107 1788 179 1877 ipsa
205 1785 315 1851 sabuli
345 1811 521 1878 perversus
548 1788 632 1856 ordo
665 1782 820 1858 versuum
854 1794 1080 1887 repetendus,
1119 1797 1178 1888 qui

109 1917 157 1966 est
181 1900 222 1980 II,
248 1903 288 1968 2:
317 1928 320 1935 ·

300 2020 345 2087 37
395 2017 605 2084 minantum·
749 2018 796 2091 39
845 2020 935 2087 Nam
961 2038 997 2087 tu

299 2130 346 2198 10
396 2132 619 2199 Menaechme
748 2136 795 2203 38
847 2134 972 2201 Iubeas

297 2247 341 2317 41
395 2249 474 2313 IIcu
499 2248 645 2361 hercle(
746 2246 794 2318 42
845 2251 942 2320 Solet

299 2359 346 2434 43
401 2363 561 2452 Quamvis
639 2366 645 2456 1
747 2361 793 2432 11
849 2365 941 2455 Quid
964 2371 1016 2431 ais

108 2512 288 2606 Cognatum
313 2530 423 2585 autem
447 2510 531 2577 iliud
555 2537 656 2603 genus
682 2531 741 2593 cst,
768 2538 841 2580 cum
866 2540 932 2581 non
958 2513 1109 2581 bifariam
1125 2513 1176 2580 di-

107 2628 179 2693 visis
206 2627 332 2720 paginis
358 2644 468 2692 tamon
490 2626 561 2692 bini
587 2652 700 2695 versus
724 2645 913 2695 constanter
939 2631 972 2694 in
986 2630 1080 2696 unius
1099 2655 1179 2697 con-

108 2745 288 2810 tinuitatem
311 2742 566 2810 contrahuntur:
593 2742 686 2836 quod
712 2767 812 2836 supra
839 2746 1003 2837 attigimus
1030 2772 1062 2838 p.
1087 2747 1180 2817 439:

108 2884 171 2953 quo
206 2856 344 2952 quidem
381 2859 418 2924 iit
450 2878 485 2926 nt
514 2884 632 2952 reapse
665 2858 782 2925 cadem
809 2862 892 2927 ratio
917 2860 1180 2929 ordinandorum

111 3000 262 3041 versuum
286 2973 444 3068 prodeat,
471 2994 570 3068 atque
596 2973 653 3040 illa
676 2992 727 3041 est
748 3001 848 3069 quam
871 2979 1040 3068 posuimus
1065 2998 1181 3071 postc-

105 3095 235 3156 riurem.
293 3093 366 3158 Nec
392 3090 447 3158 hic
473 3088 595 3157 desunt
620 3090 722 3157 mirae
748 3092 986 3173 inconstantiae
1017 3093 1177 3186 exempla.

107 3206 208 3274 Velut
229 3208 424 3276 Mercatoris
450 3207 492 3288 II,
521 3213 537 3274 1
576 3233 651 3274 cum
676 3209 716 3273 ab
742 3209 836 3275 initio
861 3208 982 3301 singuli
1005 3234 1041 3277 se
1068 3234 1181 3277 versus

110 3324 286 3416 excipiant,
312 3320 391 3390 inde
415 3349 433 3390 a
454 3350 482 3390 v.
509 3325 553 3391 12
580 3322 750 3415 usquead
780 3324 823 3394 19
850 3326 1031 3392 contractio
1055 3324 1092 3391 iit
1115 3327 1179 3392 hu-

105 3439 261 3507 iusmodi:

205 3561 250 3615 Aa
266 3579 294 3614 ee
308 3561 377 3613 iilius
396 3557 481 3631 cupri
498 3576 578 3631 opero
589 3570 666 3630 atque
683 3562 794 3614 adveatu
815 3581 911 3633 caprae
932 3564 1070 3634 Flauitinm
1089 3574 1114 3617 et
1131 3565 1181 3618 dc-

690 3675 775 3710 remem
792 3661 883 3727 fecisse
901 3661 972 3711 houd
987 3662 1158 3712 mediocriter.

205 3752 276 3804 Dicit
293 3768 400 3823 capram
416 3768 491 3821 quam
505 3752 626 3805 dederunt
652 3754 806 3805 anundum
824 3754 873 3806 sior·
893 3756 963 3814 Suae
986 3756 1076 3807 acoris
1101 3755 1183 3807 dotem

691 3848 896 3900 emorerentur
914 3848 1016 3917 oppidu,

111 3962 294 4056 cademque
328 3968 411 4034 ratio
446 3968 576 4037 obtinet
605 3968 685 4036 inde
712 3997 729 4034 a
754 3995 782 4034 v.
810 3966 974 4036 erased
1011 3969 1069 4061 qui
1093 3968 1182 4036 inter

109 4077 168 4145 hos
200 4079 303 4145 medii
328 4099 404 4147 sunt
429 4084 475 4150 ‘20
501 4082 544 4149 ad
572 4085 639 4165 23,
675 4084 783 4150 subito
807 4098 929 4148 mutato
957 4081 1094 4150 consilio
1119 4082 1181 4151 hae

110 4192 215 4260 forma
242 4195 391 4263 exhibuit
415 4197 588 4268 librarius:
654 4228 662 4243 ·

108 4332 150 4387 20.
163 4334 198 4387 22
232 4333 267 4387 At
285 4351 324 4386 me
343 4336 442 4390 1011111111
460 4340 528 4392 intro
555 4338 590 4392 ad
611 4356 717 4392 uxorem
739 4339 872 4392 ducturum
888 4356 971 4392 meum
990 4341 1037 4393 Art
1061 4358 1117 4393 noe
1133 4341 1184 4393 iia-

692 4435 751 4486 bere
768 4436 811 4486 cei
830 4437 1032 4488 commendarem
1048 4453 1164 4506 capraea.

105 4542 194 4595 atto
225 4541 312 4612 Atque
331 4547 422 4614 oppido
441 4547 535 4600 hercle
552 4548 616 4601 bene
632 4547 696 4600 veile
720 4548 760 4600 1111
785 4550 854 4600 eim
875 4566 930 4601 eum
947 4551 1019 4615 Quod
1046 4553 1103 4620 acie
1126 4551 1186 4618 ovid

256 4643 260 4650 ¹
687 4647 799 4714 [everen
818 4660 885 4699 eura
901 4647 1042 4701 coarcter
1061 4648 1147 4699 noer.
