2820 5332
586 725 776 770 Pbbssfflloo
1178 726 1240 770 XXV

144 904 243 996 poris
276 898 452 967 intervallo
489 927 506 966 a
546 901 663 967 votivis
697 897 763 966 illis
795 897 970 980 distantes,
1009 923 1146 992 prorsus
1170 923 1240 966 non

105 1020 114 1047 ⁶
147 1002 268 1091 dubito
295 1000 378 1092 quin
407 1024 482 1066 com
504 998 555 1064 his
583 999 663 1090 ipsis
690 1000 766 1065 satis
792 997 932 1090 proclivi
953 1023 1070 1065 erroro
1087 996 1241 1066 Valerius

148 1100 334 1167 miscuerit.
387 1098 517 1180 Quodsi
551 1121 619 1163 non
645 1095 685 1162 ad
714 1100 856 1190 primam
881 1099 1103 1167 secessionem
1127 1096 1240 1190 plebis

147 1199 344 1290 interpretis
367 1196 515 1262 Tulliani
539 1196 643 1263 verba
668 1195 835 1263 rettuleris
849 1223 922 1264 cum
941 1195 1152 1293 Goettliugio‚
1179 1193 1240 1262 sed

148 1297 193 1364 ad
216 1297 367 1376 alteram,
394 1320 496 1409 quae·
506 1295 592 1362 luit
593 1320 619 1361 a
645 1291 717 1363 304
741 1294 800 1382 (de
824 1287 1238 1388 quohicdisselerenihil

149 1392 302 1479 attinet):
328 1393 433 1459 molto
455 1395 551 1460 etiam
578 1395 724 1486 apertior
746 1395 1046 1462 errorestValerii.
1060 1427 1109 1443 -
1127 1397 1240 1477 Quan-

152 1520 255 1588 quam
287 1492 371 1586 quid
404 1492 522 1585 longus
554 1516 626 1559 sum
661 1477 871 1560 coniiciendo
905 1492 1239 1587 interpretandoqne,

153 1618 231 1662 cum
258 1592 449 1684 gravissima
475 1608 609 1685 praesto
637 1591 680 1657 sit
702 1593 873 1659 Ciceronis
900 1593 1088 1673 auctoritas,
1113 1591 1240 1683 planis-

152 1694 245 1758 simis
272 1692 380 1756 verbis
407 1689 504 1755 ludos
531 1694 660 1756 votivos
685 1694 851 1755 nrnrimos
876 1693 1088 1758 memorantis
1104 1714 1239 1755 omnes-

152 1816 220 1886 que
244 1790 435 1867 historicos,
467 1786 604 1868 Fabios,
639 1788 784 1866 Gellios,
809 1788 871 1855 sod
892 1795 1048 1882 proximo
1075 1789 1237 1868 Caelium,

121 1894 125 1899 ’
153 1890 356 1968 antestantis,
390 1913 533 1980 remque
566 1888 751 1954 nniversam
783 1887 884 1979 longe
919 1890 1066 1956 omnium
1093 1887 1239 1980 diligen-

154 1989 278 2055 tissime
300 1987 556 2080 persoribentis.
591 1989 633 2054 Et
650 2006 785 2080 praeter
803 2007 931 2055 ceteros
948 1982 1085 2082 quidem
1104 1990 1236 2065 Cicero,

152 2103 191 2152 nt
215 2089 287 2201 ipsc
312 2087 373 2165 ait,
401 2084 551 2152 Caelium
580 2104 630 2153 est
655 2104 823 2154 auctorem
846 2105 996 2154 secutus:
1020 2085 1061 2174 (§.
1087 2087 1174 2153 enim
1189 2084 1237 2154 56

152 2189 265 2278 pergit
296 2203 334 2251 nt
367 2190 530 2277 scriptum
564 2183 657 2277 apud
686 2184 831 2251 eundem
859 2186 1009 2253 Coelium
1034 2183 1115 2270 ωτι)
1143 2183 1237 2278 qnod

152 2305 267 2351 contra
305 2285 493 2376 Dionysius,
524 2299 560 2349 ot
590 2308 608 2349 e
642 2311 714 2378 cap
736 2291 780 2356 71
815 2284 947 2351 videtur
977 2283 1090 2378 colligi
1122 2309 1236 2377 posse,

152 2385 237 2467 cQ.
259 2384 356 2448 Fabii
378 2361 444 2448 lide
470 2381 644 2475 pependit.
695 2382 783 2450 Vide
807 2402 928 2465 antem,
963 2409 1060 2476 qoam
1086 2384 1175 2449 inter
1199 2408 1237 2450 se

152 2483 277 2550 Cicero
301 2500 334 2548 et
349 2482 527 2574 Dionysius
554 2483 769 2561 consentiant,
791 2506 933 2575 qnorum
953 2483 1010 2549 hic
1027 2507 1095 2550 non
1112 2499 1237 2548 tanturn

150 2601 191 2647 ut
221 2579 279 2647 ille
313 2584 441 2645 votivos
474 2578 573 2647 ludos
598 2579 810 2673 simpliciter,
842 2581 902 2649 sed
932 2583 1111 2649 accuratius
1137 2583 1236 2647 etiarn

152 2682 195 2746 ab
221 2681 262 2745 A.
288 2680 458 2746 Postumio
485 2677 645 2747 dictatore
667 2681 765 2747 votos'
787 2679 849 2748 lo.
876 2682 1044 2773 perhibet,
1079 2704 1134 2746 eos
1160 2679 1237 2771 qui-

156 2778 235 2845 dem
270 2777 381 2856 ludos,
425 2801 510 2871 quos
544 2803 604 2846 cur
631 2795 665 2845 et
697 2778 831 2871 qnando
868 2779 1052 2847 Postumius
1085 2779 1237 2856 vovisset,

153 2880 227 2970 ipse
250 2878 308 2956 Vl,
339 2879 382 2945 10
412 2893 613 2946 narraverat.
663 2879 772 2943 Maior
797 2899 907 2944 autem
935 2876 1109 2944 Ciceronis
1135 2900 1237 2969 quam

152 2976 361 3068 reliquorum
388 2977 532 3057 testium,
555 2978 651 3042 etiam
666 2976 826 3069 Dionysii,
853 2976 1024 3071 diligentia
1048 2978 1084 3042 iu
1101 3000 1142 3043 co
1158 3000 1239 3041 cou-

79 3152 81 3164 .
156 3077 306 3166 spiritur,
332 3071 424 3168 quod
449 3073 525 3143 illos
549 3071 648 3141 ludos
672 3098 740 3142 non
759 3074 872 3157 semel,
897 3075 956 3142 sed
974 3077 1025 3141 bis
1043 3076 1237 3141 instauratos

157 3199 231 3241 esse
258 3172 368 3241 docet.
402 3175 484 3240 Nato
511 3175 654 3265 primum
677 3174 882 3241 intermissos
907 3174 989 3241 dicit
1009 3172 1173 3240 simillima
1194 3170 1239 3238 de

156 3298 274 3340 caussa
291 3288 389 3365 atque
412 3296 450 3338 ea
475 3272 545 3352 fuit,
567 3298 665 3364 quam
685 3273 713 3339 F
717 3291 804 3340 estus
822 3299 854 3365 p.
866 3274 963 3338 XXII
978 3299 996 3338 a
1010 3274 1106 3338 nobis
1122 3270 1237 3337 allatus

154 3371 309 3464 prodidit
333 3371 377 3438 de
395 3369 662 3463 Apollinaribus:
688 3376 808 3438 civitas
833 3371 881 3437 ad
905 3395 1001 3438 ormn
1027 3387 1166 3464 repente
1187 3387 1238 3436 est

157 3475 323 3539 excitata.
361 3474 507 3562 Propter
536 3470 572 3536 id
605 3474 826 3537 instaurativi
849 3474 1028 3538 constituti
1046 3487 1144 3536 sunt:
1181 3472 1240 3561 qni

158 3585 344 3663 antequam
365 3569 511 3662 fierent,
550 3568 668 3635 incidit
690 3571 853 3637 somnium
878 3569 980 3638 illud:
1018 3594 1036 3636 e
1063 3594 1130 3664 quo
1158 3593 1239 3637 con·

156 3692 301 3762 sequens
329 3668 399 3746 luit,
425 3685 461 3733 ιιι
485 3666 559 3736 ludi
578 3668 629 3734 illi
653 3673 805 3736 iterum
820 3674 1113 3745 instaurarentur,
1136 3684 1240 3736 otest

155 3767 250 3860 apud
279 3769 491 3836 Ciceronem.
524 3766 626 3838 ¹Vnde
662 3767 859 3861 intelligitur
896 3787 1054 3861 quantum
1090 3768 1240 3845 errarint,
1294 3790 1297 3803 ·

156 3867 216 3961 qui
248 3884 389 3960 propter
421 3867 528 3958 prima
561 3866 735 3935 Ciceronis
771 3869 851 3936 lmec
884 3869 999 3934 verba:
1038 3868 1123 3934 Cnnt
1152 3867 1239 3932 bello

156 3966 269 4032 latino
307 3965 381 4032 lodi
420 3970 524 4032 votivi
563 3968 705 4032 uroximi
737 3971 810 4059 pri
817 3990 918 4032 mom
944 3965 1089 4058 'fierent
1124 3969 1241 4033 Postu-

154 4066 216 4131 mii
253 4064 330 4133 lllos
370 4063 467 4131 ludos
502 4066 647 4132 omnium
679 4069 863 4145 votivorum
895 4067 1021 4159 primos
1054 4066 1154 4130 foisse
1189 4088 1242 4130 ar·

155 4164 287 4244 intrati,
320 4166 454 4230 omnino
488 4165 649 4232 exstitisse
676 4166 799 4232 votivos
822 4183 898 4231 aute
925 4191 951 4229 a.
977 4163 1047 4233 ‘263
1074 4183 1242 4255 negarent.

156 4265 197 4329 In
221 4289 364 4357 quornm
392 4288 532 4329 numero
560 4263 655 4330 video
682 4267 778 4330 etiam
796 4263 1013 4332 Warthoronr
1040 4287 1123 4341 esse,
1150 4263 1242 4338 cuins

155 4364 473 4431 commentationem
492 4359 534 4426 dc
548 4363 750 4429 circensibus
770 4387 881 4453 nuper
901 4360 1022 4426 editam
1038 4362 1127 4454 tetigi
1141 4380 1242 4454 12,oess

153 4488 206 4556 aq.
229 4479 302 4537 291.
324 4479 447 4529 auuott.
487 4461 592 4529 linum
617 4478 834 4553 opponuntur
847 4464 1099 4549 primnmfacti
1112 4467 1241 4529 instan-

155 4564 278 4628 rntivis
313 4563 344 4628 lr.
364 4587 391 4631 e.
420 4560 564 4652 primum
599 4561 808 4640 instauratis„
829 4561 879 4627 bis
908 4578 1017 4627 atrtcm
1049 4565 1171 4628 itermn
1191 4567 1247 4628 in·

153 4665 314 4731 staurari.
354 4659 452 4745 Quod
479 4678 589 4727 autem
616 4660 812 4729 instauratos
826 4684 897 4728 csse
919 4674 1031 4730 totos
1054 4663 1240 4752 cDionysii
