2820 5332
414 657 663 703 uosrnnatmsa
691 656 879 702 ratramne.
1114 637 1184 708 487

107 831 190 899 Dee.
219 828 312 920 Lips,
337 829 468 908 Prion,
492 829 573 894 item
597 830 672 895 Vet.
696 841 849 906 m.‘scr.‚
887 829 918 892 in
946 852 1012 920 quo
1042 846 1080 896 et
1104 833 1187 895 itum

111 961 161 1008 est
189 971 207 1010 e
234 963 425 1010 correctura
452 962 486 1011 et
510 969 624 1010 rasura
650 942 852 1036 profectum,
889 963 921 1009 et
945 941 1055 1009 bibus.
1083 944 1144 1011 suit
1167 971 1186 1008 a

109 1085 160 1151 pr.
185 1085 227 1124 m.
279 1059 320 1123 V.
336 1055 382 1128 43
409 1076 511 1124 tenum
532 1061 605 1124 Vet
632 1084 674 1122 nt.
700 1083 777 1134 see„
800 1060 882 1124 Dee·
913 1059 999 1149 Lips.
1025 1059 1185 1124 Princt‘n

112 1198 215 1238 arnum
239 1175 314 1241 Vet
340 1199 382 1239 m.
406 1199 457 1265 pr.
474 1207 518 1222 -
537 1191 587 1239 est
612 1173 705 1238 leand
725 1177 952 1238 intermissum
976 1172 1031 1238 bie
1053 1198 1125 1238 esse
1151 1189 1185 1240 et

114 1288 183 1354 hibi
206 1290 241 1355 in
276 1288 371 1355 libris
408 1307 458 1356 est
483 1290 644 1356 omnibus
704 1292 846 1355 Possunt
878 1290 960 1356 haee
988 1289 1188 1381 interpolata

111 1403 222 1471 rideri
249 1430 267 1471 e
294 1409 395 1472 Most.
422 1406 451 1479 I,
478 1410 508 1486 1,
535 1402 604 1474 61:
629 1404 748 1485 bibite,
770 1409 1069 1496 pergraeeamini,
1094 1421 1186 1471 este:

112 1546 301 1613 quanquam
327 1520 509 1612 simplicius
531 1520 631 1588 suerit
657 1496 699 1586 dle
725 1519 810 1586 male
835 1518 1007 1587 intellecto
1034 1543 1105 1585 esse
1128 1545 1185 1586 eo-

111 1637 225 1728 gitare.
267 1636 426 1713 Ceterum
456 1661 515 1702 eur
539 1636 703 1703 noluerim
731 1635 823 1700 leand
847 1639 1077 1701 intermissum
1102 1658 1186 1714 esse,

111 1751 174 1817 sed
196 1750 290 1816 baud
312 1776 384 1818 esse
408 1757 647 1831 intermissum,
670 1777 737 1818 non
759 1752 873 1845 fugere
895 1752 1019 1843 peritos
1033 1752 1186 1828 arbitror.

110 1865 165 1932 Ad
204 1892 316 1933 versus
353 1892 543 1934 mensnram
582 1867 816 1960 complendam
845 1867 1048 1958 aptissimum
1081 1865 1186 1931 visum

113 1980 255 2046 tandem
280 1999 353 2049 aute
380 1981 529 2049 triduum
554 1984 724 2049 insertum.
775 1980 943 2048 Fidicinas
969 1999 1076 2046 autem
1100 1980 1185 2045 etti·

112 2097 238 2163 bicinas
266 2115 519 2164 consentaneum
547 2115 597 2165 est
621 2123 689 2164 non
715 2097 813 2180 ¹aluei,
848 2096 924 2175 sed,
950 2114 986 2162 ut
1010 2121 1109 2188 saepe
1137 2113 1187 2162 est

110 2210 200 2302 apud
226 2211 398 2294 Plautum,
424 2212 583 2280 conduci:
617 2240 679 2281 nee
702 2215 838 2306 probari
863 2211 986 2277 ducere
1012 2213 1102 2278 vocis
1129 2237 1186 2278 ae-

112 2346 227 2394 centus
264 2327 458 2396 debuerant.
527 2333 554 2397 E
585 2334 812 2423 pergraecari
851 2329 954 2393 sorma
989 2325 1186 2418 intelligitur

112 2447 207 2514 etiam
243 2447 347 2511 active
376 2446 528 2539 antiquos
562 2468 791 2535 pergraecare
818 2461 853 2508 ut
890 2441 1006 2506 similia
1040 2440 1183 2533 plurima

112 2560 244 2626 dixisse.
297 2561 458 2625 Ceterum
486 2560 544 2652 qui
569 2561 708 2652 sapiunt,
737 2561 784 2625 eis
810 2583 875 2624 non
900 2576 950 2623 cst
977 2583 1034 2624 cur
1059 2557 1121 2621 vim
1145 2582 1183 2623 ae

110 2677 272 2742 rationem
307 2676 469 2767 repetitae
506 2701 553 2743 vr.
576 2674 632 2745 42.
659 2672 705 2743 43
737 2675 917 2742 sentcntiae
951 2673 1103 2767 pluribus
1132 2674 1183 2737 in-

111 2788 289 2857 culeemus.

603 3034 633 3121 5.
659 3038 691 3107 4.

234 3250 396 3332 Quoniam
433 3252 474 3316 ab
511 3253 926 3346 interpolationibus
968 3280 1055 3321 cum
1095 3279 1181 3320 ver-

107 3387 227 3428 suum
262 3369 609 3457 transpositione
644 3372 829 3438 coniunctis
861 3396 961 3463 supra
996 3372 1104 3439 exorsi
1127 3386 1182 3438 su'·

106 3503 188 3557 naus,
214 3478 315 3545 baud
330 3481 393 3570 abs¹
414 3505 451 3548 re
475 3483 577 3551 suerit
599 3509 689 3552 nune
715 3484 757 3550 ad
774 3510 809 3551 ea
825 3487 1049 3555 Mostellariae
1071 3513 1182 3554 exem-

106 3594 163 3685 pla
187 3597 374 3687 exspatiari,
400 3623 486 3690 quae
509 3597 644 3666 solam
669 3625 764 3693 passa
790 3607 1182 3696 transpositionem

106 3708 216 3777 labem
243 3731 485 3780 contraxerunt.
537 3715 642 3799 Quam
665 3716 800 3809 quidem
827 3744 944 3810 parum
966 3717 1075 3785 adhuc
1100 3744 1182 3810 per-

107 3824 257 3918 spectum
283 3847 421 3896 estnon
447 3832 482 3895 iu
507 3832 694 3899 universam
728 3851 851 3898 tantum
878 3831 1019 3899 fabulam
1047 3816 1180 3915 cadere,

106 3940 167 4008 sed
193 3943 289 4008 etiam
314 3945 348 4008 in
375 3945 578 4039 singularum
602 3972 773 4012 scenarum
790 3949 964 4016 breviores
989 3947 1180 4041 particulas.

104 4060 216 4150 Atque
245 4059 411 4126 turbatum
437 4060 588 4128 ordinem
613 4064 759 4154 integrae
785 4064 914 4130 subulae
941 4089 1014 4131 cuna
1041 4065 1179 4132 maxima

107 4196 147 4236 ex
173 4190 269 4265 parte
306 4170 440 4241 licuerit
459 4179 729 4269 praestantissimi
755 4178 832 4245 libri
857 4180 1067 4248 Ambrosiani
1089 4184 1180 4248 auxi-

106 4283 151 4352 lio
176 4289 243 4354 sive
269 4289 445 4358 emendare
471 4294 539 4360 sive
566 4293 775 4361 emendatum
803 4296 1016 4377 confirmare,
1039 4322 1078 4365 eo
1105 4301 1180 4393 qui-

106 4399 185 4468 dem
212 4405 413 4473 munimento
442 4408 621 4488 eminane,
647 4412 706 4476 ubi
732 4409 773 4476 ael
794 4413 919 4506 singula
942 4415 1178 4498 transierimus,

107 4517 288 4584 carendum
316 4522 397 4601 erit,
422 4540 533 4590 tamen
553 4550 638 4594 novo
665 4527 729 4594 hoe
754 4530 865 4620 ipsum
891 4528 1090 4599 documento
1117 4548 1176 4611 est,

103 4631 179 4725 plus
205 4636 301 4702 etiam
328 4635 370 4702 atl
396 4664 510 4705 verum
537 4659 571 4707 et
595 4641 818 4736 indagandum
841 4662 873 4710 et
896 4671 977 4714 vero
1000 4638 1175 4716 invenien-⁴
