2820 5332
302 661 305 667 ’
400 677 645 723 nomentana
673 677 865 720 antemnae.
1100 652 1171 726 495

97 851 312 925 Plailoloclre:
339 855 390 923 vel
414 873 450 921 ut
471 856 570 924 simul
595 855 768 924 omittendi
793 881 907 925 caussa
933 860 1095 951 quaedam
1115 888 1172 956 pa-

104 993 190 1043 teat:
216 975 312 1041 Heus
337 967 547 1053 Philolache,
573 977 643 1037 eri:
661 967 798 1059 fae'nus
819 976 1019 1064 promissum
1042 995 1131 1069 peto.

195 1091 264 1157 lam
289 1112 366 1155 vero
394 1089 451 1180 qui
475 1107 565 1155 recte
588 1089 761 1155 aestimare
781 1087 879 1162 volet,
904 1090 1035 1157 iustonc
1056 1093 1175 1161 ordine

99 1225 164 1274 tam
189 1203 317 1299 prolixa
345 1222 478 1295 tamque
506 1203 594 1268 varia
619 1203 797 1270 Tranionis
838 1203 1051 1298 danistaeque
1077 1206 1176 1273 alter-

101 1321 185 1389 catio
210 1318 381 1413 procedat,
408 1318 438 1384 ei
464 1336 598 1410 praeter
624 1334 735 1384 cetera
758 1317 843 1384 illud
857 1319 981 1413 ubique
996 1320 1178 1388 tenendum

104 1452 163 1517 est,
188 1433 281 1528 quod
306 1452 340 1502 et
362 1458 418 1501 res
443 1433 515 1527 ipsa
540 1431 689 1525 postulat
710 1450 744 1500 et
769 1436 985 1502 cummaxime
1011 1462 1063 1503 ars
1080 1435 1177 1503 Plau-

104 1552 171 1619 tina
197 1549 323 1629 suadet,
347 1566 384 1616 ut
408 1547 616 1642 pedetentim
644 1564 677 1614 et
691 1542 846 1641 tanquam
861 1573 925 1642 per
938 1550 1058 1643 gradus
1078 1576 1179 1644 quos·

103 1666 181 1734 dam
204 1692 223 1731 a
246 1663 412 1732 sedatiore
444 1661 563 1730 affectu
596 1660 639 1727 ad
665 1663 822 1729 maiorem
859 1665 960 1729 animi
985 1667 1179 1733 concitatio·

104 1805 185 1846 nem
218 1779 342 1846 Tranio
375 1776 628 1869 progrediatur:
669 1775 794 1842 deinde
829 1794 938 1844 autem
971 1795 1007 1844 ut
1032 1779 1179 1872 singulae

106 1917 297 1961 sermonum
333 1890 467 1959 illorum
501 1907 612 1984 partes
646 1893 690 1957 ita
723 1891 866 1957 invicem
892 1892 967 1958 sihi<
982 1892 1181 1986 adaptentur

107 2009 424 2099 continuenturque,
461 2024 498 2074 ut
531 2030 607 2073 aero
642 2007 875 2095 sententiarum
911 2008 1045 2076 vinculo
1073 2034 1181 2103 eaque

106 2121 364 2202 necessitudine,
390 2147 475 2214 quae
500 2123 565 2215 ipsi
591 2123 702 2187 sensui
727 2121 874 2190 humano
888 2143 1111 2192 consentanea
1130 2126 1181 2207 sit,

107 2241 196 2306 inter
221 2263 256 2304 se
278 2237 514 2305 contineantur.
565 2234 684 2302 Talem
708 2254 818 2305 autem
840 2236 1011 2319 ordinem,
1033 2258 1071 2308 ut
1092 2266 1183 2310 nunc

107 2378 164 2422 res
191 2370 252 2435 est,
278 2351 462 2420 desiderari
484 2376 553 2418 non
578 2351 661 2444 fugit
684 2353 845 2420 Pistorem
873 2372 907 2420 et
926 2355 1097 2421 Bothium:
1125 2358 1183 2450 qui

110 2470 203 2564 quod
235 2470 349 2563 paucis
384 2465 584 2560 quibusdam
619 2467 928 2559 transpositionibus
953 2467 1036 2534 nihil
1072 2487 1184 2538 tamen

112 2605 269 2680 egerunt,
296 2608 335 2652 eo
359 2583 482 2649 lactum
508 2580 671 2674 estquod
696 2583 730 2648 iu
757 2582 892 2674 singulis
918 2583 1097 2653 haeserunt
1120 2611 1185 2654 nec

112 2720 231 2771 cuncta
255 2697 353 2767 simul
377 2715 534 2789 tanquam
559 2697 621 2764 sub
660 2722 760 2764 unum
787 2717 1006 2790 conspectum
1030 2702 1185 2768 subiece-

111 2835 197 2885 runt.
249 2814 348 2901 Quod
366 2806 432 2881 ‘nisi
446 2813 578 2895 feceris,
601 2811 735 2879 difficile
755 2829 888 2879 estnon
905 2837 1033 2879 errare:
1057 2815 1185 2908 quippe

112 2957 178 3005 tam
203 2934 316 3000 brevia
342 2932 526 3000 concitatae
554 2929 839 2996 sermocinationis
856 2929 1004 2996 membra
1016 2930 1186 2999 fatendum

115 3070 172 3130 est,
199 3051 256 3116 ubi
284 3072 345 3140 per
370 3070 406 3112 se
431 3060 643 3138 spectentur,
668 3067 737 3111 nou
763 3066 864 3108 unum
890 3042 1044 3111 ordinem
1068 3044 1188 3112 admit-

113 3185 197 3245 tere,
223 3162 282 3230 sed
306 3159 416 3228 multis
442 3157 550 3226 modis
576 3182 645 3226 non
669 3159 784 3251 inepte
811 3156 946 3251 disponi
969 3184 1081 3253 posse.
1119 3160 1192 3229 Sed

113 3277 316 3348 ordiundum
342 3274 477 3370 quidem
502 3275 598 3341 uobis
623 3297 760 3368 quoque
780 3291 869 3356 ,esta
892 3274 1036 3368 singulis.
1071 3275 1188 3369 ltaque

114 3397 194 3463 hinc
218 3395 429 3488 proficiscar,
456 3389 548 3484 quod
573 3417 601 3458 v.
628 3393 674 3459 57
702 3389 827 3457 danista
850 3394 998 3483 quaerit:
1024 3395 1107 3486 quin
1131 3417 1189 3460 vos

120 3511 203 3577 milti
223 3513 360 3598 faenus
392 3505 495 3573 date?
537 3503 620 3598 quid
650 3507 853 3596 ungamini?
905 3509 951 3575 At
987 3511 1189 3603 promiserat

114 3629 239 3695 Tranio
266 3624 378 3691 datum
399 3622 441 3690 iri
466 3649 494 3689 v.
519 3622 584 3690 53:
621 3646 701 3716 ergo
726 3646 793 3689 nou
824 3621 908 3688 illud
943 3627 1052 3715 potius
1084 3644 1190 3718 quae·

114 3742 258 3810 rendum
282 3758 352 3809 erat
377 3737 597 3831 simpliciter,
621 3763 719 3831 quam
745 3738 824 3806 hoc:
851 3763 910 3804 cur
937 3735 1097 3819 differtis,
1123 3764 1188 3808 nec

117 3858 257 3925 statim
282 3853 446 3923 redditis?
491 3852 560 3924 Sed
586 3872 696 3921 tamen
721 3852 788 3919 hoc
814 3851 854 3918 ad
877 3869 1022 3919 nostram
1048 3853 1189 3945 quidem

115 3973 343 4068 quaestionem
370 3970 488 4038 levius:
515 3969 598 4037 nihil
624 3970 711 4035 enim
735 3965 916 4060 proclivius
939 3993 1039 4061 qnam
1061 3971 1190 4038 intruso

114 4090 156 4156 ab
188 4089 369 4178 interprete
394 4088 531 4173 faenus
570 4085 706 4151 nomine
744 4082 833 4149 illam
869 4085 974 4175 ipsam
1007 4085 1189 4167 notionem,

116 4229 200 4296 quae
226 4219 277 4268 est
298 4205 436 4275 statim,
466 4199 542 4266 ilico
550 4250 559 4280 ,
587 4197 756 4290 expulsam
777 4194 925 4264 credere.
977 4199 1115 4266 Gravius
1140 4219 1191 4269 est

115 4317 209 4410 quod
234 4332 310 4408 post
327 4333 375 4381 sat
397 4313 530 4406 placida
555 4318 585 4381 T
586 4315 732 4381 rauionis
756 4314 857 4381 verba
881 4340 909 4380 v.
924 4315 987 4387 58:
1013 4313 1125 4381 hercle
1146 4340 1190 4384 ne

117 4454 155 4501 tu
181 4432 238 4498 abi
272 4429 395 4505 modo,
428 4429 583 4496 ausculta
607 4429 707 4505 milri,
740 4428 867 4497 danista
889 4432 997 4498 statim
1028 4430 1190 4527 nulloque

118 4551 255 4616 transitu
277 4547 363 4614 facto
389 4545 431 4611 ad
448 4545 684 4612 nominandum
701 4543 984 4639 clamabuudaque
998 4570 1080 4616 voce
1096 4572 1190 4616 com-

115 4662 313 4758 pellandum
338 4659 598 4730 Philolachetem
623 4662 1059 4757 pergitsubiuugitautem
1086 4662 1188 4732 multo
