2820 5332
552 686 770 729 uaccutmuvs.
1128 665 1198 737 39?

122 853 267 921 candum
294 854 402 920 statim
426 850 643 934 accedemus,
676 855 823 945 geminas
855 876 990 925 sorores
1018 855 1200 930 Bacchides

121 969 319 1037 dimidiatas
344 967 429 1035 dixit
453 994 483 1034 u.
510 971 566 1035 50.

619 1156 696 1249 ss.

219 1314 363 1394 Eorum,
402 1339 488 1406 quae
516 1332 612 1383 antea
639 1314 900 1408 disputavimus,
935 1317 1055 1382 veritus
1084 1341 1124 1384 co
1150 1343 1203 1384 ar-

122 1430 252 1519 guitur,
283 1427 376 1519 quod
406 1430 499 1496 brevi
533 1431 704 1497 interiecto
727 1431 888 1522 temporis
914 1430 1092 1499 intervallo
1117 1435 1201 1500 Bao-

122 1541 238 1609 chides
264 1542 395 1635 prodiit
418 1543 538 1635 amplis
564 1544 785 1636 redintegrata
805 1542 962 1611 videlicet
986 1546 1204 1638 supplemen-

121 1658 171 1736 tis,
192 1681 257 1724 uec
284 1674 452 1725 exuemae
479 1657 609 1725 fabulae
634 1660 790 1725 subnexis
814 1683 877 1724 uec
904 1660 1034 1726 insertis
1061 1659 1202 1740 mediae,

121 1771 183 1838 sed
208 1772 338 1864 inipso
366 1775 474 1865 capite
500 1772 678 1840 collocatis.
725 1777 817 1858 Quae
855 1775 943 1840 enim
980 1773 1076 1867 uulgo
1103 1799 1201 1867 prae·

121 1888 222 1956 missa
243 1888 394 1953 seruntur
418 1890 676 1978 Argumentum,
710 1888 870 1982 Prologus
905 1907 939 1954 et
967 1889 1096 1956 Scenae
1129 1891 1200 1981 pri-

121 2031 194 2071 mae
220 2024 350 2097 septem
378 2024 412 2071 et
435 2007 549 2097 viginti
575 2029 686 2071 versus
711 2005 853 2097 priores,
875 2029 912 2070 ea
939 2007 1066 2097 primus
1092 2004 1204 2095 vulga·

119 2122 166 2184 vit
186 2120 220 2184 in
246 2120 374 2184 Iuntina
398 2121 507 2212 prima
532 2145 558 2185 a.
584 2111 678 2186 1514
708 2119 864 2187 Nicolaus
889 2118 1058 2212 Angelius,
1093 2117 1199 2212 idque

120 2234 156 2297 in
176 2233 381 2324 praefatione
403 2237 477 2326 ipse
503 2234 555 2299 his
581 2248 749 2300 testaturz.
777 2236 857 2301 Hoc
879 2233 922 2299 de
944 2235 1097 2326 plurimis
1123 2258 1201 2300 veru

121 2348 200 2414 licet
233 2349 381 2440 gloriari
411 2348 503 2439 quod
528 2372 590 2414 nos
616 2354 764 2415 omnium
786 2354 889 2442 primi
911 2373 994 2439 quos
1020 2351 1200 2440 legerimus

117 2465 298 2557 prologum
313 2463 527 2530 bacchidibus
541 2465 740 2531 Dimidiatis
766 2483 798 2528 et
822 2469 925 2556 primi
944 2483 1039 2530 actus
1066 2470 1200 2559 initium

120 2581 303 2672 diligentia
341 2598 463 2647 nostra
493 2599 663 2674 repertum
696 2586 910 2647 restituimus.
967 2584 1059 2649 Vere
1091 2602 1200 2649 autem

121 2695 178 2763 illa
204 2698 244 2761 ab
260 2694 403 2788 Angelis
428 2715 560 2790 reperta
586 2697 652 2764 dici
678 2722 740 2763 uec
768 2722 840 2763 esse
858 2698 900 2761 ab
926 2697 999 2789 ipso
1025 2679 1118 2777 saeta,
1137 2698 1199 2764 do-

121 2829 275 2879 cumento
301 2810 354 2901 pel
378 2812 443 2878 hoc
465 2837 537 2879 esse
565 2830 685 2905 potest,
710 2812 803 2904 quod
829 2837 959 2877 versum
982 2813 1081 2878 afine
1100 2838 1200 2905 quar.

119 2943 190 2994 tum
215 2951 291 2993 cum
311 2927 443 3007 lacuna,
478 2928 611 3020 qualem
640 2929 676 2993 iu
701 2926 823 2994 chartis
849 2951 924 2992 eum
948 2930 1111 2995 iuvenisse
1138 2953 1200 3020 ap·

119 3061 223 3135 paret,
249 3043 335 3135 typis
361 3044 474 3134 repeti
498 3043 610 3110 iussit:

218 3157 259 3226 Si
281 3173 441 3231 astarten
636 3182 683 3224 on
706 3159 890 3240 Bromiort,
923 3158 1081 3248 Deosque
1106 3158 1199 3223 volu-

705 3279 846 3366 ptarios.

121 3383 220 3469 Quod
246 3389 421 3479 quominus
446 3387 566 3456 callide
591 3390 776 3455 institutum
801 3391 973 3481 suspicere
989 3385 1200 3455 dissimulau-

120 3502 182 3570 dae
209 3502 334 3569 sraudis
361 3526 484 3584 caussa,
508 3502 639 3597 Angelii
663 3504 884 3571 additamenta
909 3522 1048 3598 reputes
1066 3504 1107 3569 ab
1125 3507 1199 3596 ipso

120 3619 247 3686 editore
273 3620 409 3687 inscribi
433 3617 681 3712 Argumentum
707 3620 918 3701 subditivum,
942 3619 1105 3712 prologus
1122 3617 1201 3683 sub·

121 3733 257 3811 ditivos,
282 3735 397 3806 Saena
420 3735 538 3804 itidem
562 3735 742 3809 subditiva.
780 3736 933 3829 Repertis
958 3737 1058 3826 igitur
1082 3735 1117 3798 in
1138 3732 1199 3799 ali·

120 3875 186 3942 quo
214 3852 331 3920 codice
357 3852 602 3946 supplementis
628 3854 800 3945 quaeritur
835 3876 921 3943 quae
955 3851 998 3915 sit
1021 3846 1104 3914 fides
1130 3864 1199 3913 tum

119 3966 229 4033 habita
262 3985 331 4033 tum
361 3968 528 4035 habenda.
582 3969 632 4035 Ac
668 3969 821 4059 proximo
853 3962 994 4058 quidem
1020 3961 1199 4029 intervallo
1227 4018 1231 4029 .

120 4081 284 4148 Iuntinam
319 4085 489 4176 excipiens
515 4084 664 4152 Venetae
699 4108 727 4152 a.
757 4080 850 4149 1518
875 4079 984 4146 editor
1008 4079 1114 4144 Lucas
1139 4076 1200 4144 Ol-

119 4196 284 4264 clrinensis
319 4198 506 4267 Canonicus
539 4224 638 4292 quam
664 4195 730 4263 illis
756 4194 837 4261 nihil
864 4194 1032 4272 tribuerit,
1065 4208 1201 4260 testatur

120 4311 191 4401 ipsa
216 4310 400 4379 litterarum
427 4313 671 4394 dissimilitudo,
699 4314 884 4405 quihus·ea
912 4310 1054 4402 exprimi
1077 4309 1203 4375 curavit

120 4427 267 4492 seiuncta
291 4428 332 4492 ab
358 4414 565 4523 reliquorum
593 4431 823 4513 continuitate3
854 4451 990 4520 prorsus
1017 4427 1200 4492 omiserunt

121 4541 228 4607 Aldus
256 4567 399 4636 eumque
426 4547 531 4613 secuti
559 4545 744 4615 Cratander
768 4550 803 4613 in
827 4543 1009 4612 Basileeusi
1043 4570 1069 4609 a.
1097 4542 1199 4622 1523,

124 4657 312 4751 Stephanus
339 4666 374 4726 in
396 4663 540 4729 Parisios
566 4689 593 4733 a.
623 4654 726 4744 1530,
751 4664 832 4728 item
858 4662 1052 4743 Lambinus,
1076 4659 1200 4726 Giber-
