2820 5332
602 772 792 816 attentum.
1189 773 1242 816 ΧΙΧ

157 959 220 1014 est,
250 940 307 1032 qui
340 939 375 1005 in
410 964 448 1005 re
481 938 674 1007 secundaria
709 939 871 1034 loquendi
910 965 1002 1007 usum
1029 967 1105 1008 snae
1131 948 1243 1010 aetatis

158 1059 211 1105 sat
233 1038 414 1105 excusabili
442 1040 566 1105 incuria
593 1057 758 1132 sequatur.
795 1044 990 1132 Quanquam
1015 1042 1069 1107 illa
1091 1044 1243 1135 ‹·xtmrpla

158 1141 187 1204 si
222 1141 267 1203 ita
293 1140 341 1204 uti
367 1138 506 1203 fecimus
528 1141 794 1231 interpretamur,
822 1157 856 1205 ut
883 1138 925 1203 de
952 1141 1118 1207 subselliis
1144 1142 1243 1208 donto

159 1239 346 1331 apportatis
378 1254 411 1302 ct
442 1239 475 1302 in
501 1237 617 1302 ltoram
643 1240 763 1329 paratis
791 1241 963 1332 cogitetur,
993 1264 1056 1305 nec
1080 1242 1113 1305 iu
1138 1240 1245 1332 negli-

159 1339 295 1430 gentiae
341 1355 599 1428 temporumque
644 1354 906 1427 per-mutaturum
947 1338 998 1404 rrl
1044 1337 1246 1404 levissimum

161 1438 292 1502 crimen
311 1435 433 1501 Cicero
461 1437 609 1507 insinuit,
636 1460 698 1501 nec
721 1460 782 1501 nos
810 1437 979 1503 statuimus
1006 1438 1095 1529 qrrod
1124 1463 1189 1503 non
1213 1441 1246 1502 in

161 1540 379 1602 contestatam
394 1536 452 1614 ,rei
477 1536 648 1600 urrivcrsac
672 1534 866 1600 memoriam
890 1538 1042 1627 apprime
1063 1539 1246 1601 conveniat.

161 1635 270 1727 Eique
295 1635 344 1698 rei
371 1659 448 1699 mox
473 1658 594 1699 novum
621 1632 857 1699 documentum
884 1634 1060 1701 afferemus
1084 1662 1114 1727 p.
1129 1637 1204 1702 XX.

262 1743 297 1804 P.
324 1747 389 1805 225
412 1758 485 1798 curn
522 1731 566 1797 de
599 1735 739 1798 serris
768 1731 1005 1798 fabularum
1032 1752 1248 1828 spectato-

163 1833 283 1897 ribus
308 1829 360 1896 rel
387 1832 497 1925 potius
522 1856 591 1897 uon
616 1832 857 1922 spectatoribus
884 1831 1049 1914 dicebam,
1075 1858 1142 1898 uon
1160 1832 1248 1900 obli·

162 1948 215 1995 tos
240 1952 330 1995 eram
358 1931 514 1997 orationis
537 1929 581 1996 de
606 1930 816 2023 haruspicum
843 1932 1013 2022 responsis
1038 1931 1080 2017 (a.
1101 1938 1157 2000 ll.
1178 1931 1249 2015 tt),

163 2028 224 2093 scd
251 2027 409 2095 nolebam
433 2029 473 2095 iis
503 2030 559 2108 uti,
585 2054 672 2122 quae
697 2028 740 2095 acl
760 2047 908 2120 tempora
933 2029 1151 2095 diversissima
1170 2056 1249 2123 spe-

163 2144 302 2194 ctarent
329 2126 536 2220 Quanquam,
562 2152 667 2220 quae
693 2126 827 2220 quidem
855 2127 947 2194 illinc
967 2127 1078 2221 colligi
1101 2148 1247 2221 possunt,

161 2253 182 2292 a
205 2227 301 2291 nobis
324 2223 500 2319 disputatis
526 2251 593 2294 uon
616 2225 716 2292 modo
743 2251 808 2292 uon
835 2245 1029 2320 repugnant,
1057 2228 1118 2293 sed
1145 2228 1248 2295 fidem

165 2327 277 2416 potius
304 2322 440 2401 addunt.
465 2328 547 2391 Nam
573 2324 664 2418 quod
690 2323 777 2390 ludis
804 2325 1056 2416 Megalensibus
1080 2331 1155 2393 unsri
1177 2329 1248 2400 697

164 2425 310 2489 collecta
340 2448 387 2489 ea
412 2423 565 2489 omnibus
596 2428 676 2489 uicis
709 2428 756 2489 ris
792 2425 1049 2490 innumerabilis
1075 2451 1249 2491 servorum

163 2549 189 2588 a
212 2524 252 2588 P.
276 2523 398 2590 Clodio
426 2523 536 2587 aedile
563 2523 686 2588 dicitur
711 2541 850 2613 repente
862 2525 1064 2608 fornicibus
1089 2529 1248 2616 ostiisque

165 2621 322 2688 omnibus
349 2627 386 2688 iu
407 2646 569 2688 scenam
594 2625 741 2687 innuisse
766 2627 942 2714 irrupisse:
958 2648 1189 2689 -serrorum
1214 2642 1249 2688 et

166 2721 335 2787 ludicrum
362 2720 572 2787 multitudini
592 2720 729 2787 Clodius
753 2739 910 2786 senatum
934 2723 1157 2815 populumque
1177 2723 1247 2788 lio-
1276 2738 1278 2743 ’

163 2845 326 2897 inanum,
360 2824 508 2886 uinctum
531 2824 602 2911 ipso
625 2844 783 2885 consessu
809 2837 842 2884 et
868 2827 1089 2888 constrictum
1114 2837 1247 2910 specta-

160 2921 246 2984 culis
270 2937 373 3013 ntque
396 2918 590 3011 impeditam
612 2917 712 2985 turba
732 2936 765 2982 et
784 2923 963 3008 augustiis,
987 2917 1183 2984 tradidisse:
1198 2955 1247 2973 -·

167 3019 261 3084 nulla
285 3022 346 3086 lios
372 3017 469 3084 ludos
500 3035 661 3083 matrona
693 3016 805 3081 adisse
837 3035 980 3108 propter
1017 3023 1082 3083 rim
1113 3043 1248 3083 causes-

169 3142 304 3210 sumque
328 3141 516 3182 servorum:
535 3120 685 3182 -serri
709 3141 765 3181 eos
776 3120 923 3204 secisse,
944 3123 1037 3183 serui
1058 3134 1247 3209 spectasse:

169 3232 244 3281 tota
266 3215 415 3308 deru'qae
438 3238 611 3283 serrorum
636 3216 829 3305 Megalesia
841 3220 976 3302 fuisse:
995 3252 1039 3265 -
1058 3216 1123 3282 boc
1148 3241 1247 3282 ornne

166 3338 302 3407 prorsus
327 3313 529 3406 singularem
551 3317 600 3380 rri
623 3314 788 3380 inauditae
810 3316 998 3407 atrocisque
1020 3333 1155 3407 praeter
1176 3340 1249 3381 mo·

166 3440 237 3478 ram
255 3414 410 3480 facinoris
434 3411 640 3480 insolentiam
662 3430 803 3479 testatur.
839 3414 963 3478 Contra
988 3413 1077 3506 quod
1095 3415 1198 3479 Caius
1213 3430 1248 3478 et

164 3511 294 3605 Appius
309 3511 446 3604 Claudii
465 3512 631 3589 dicuntur,
655 3537 728 3576 cum
754 3510 851 3576 ludos
866 3515 1049 3598 facerent,
1068 3537 1182 3578 servos
1202 3512 1246 3578 de

164 3636 268 3679 cavea
292 3618 389 3677 exire
414 3616 560 3687 iussisse,
586 3635 626 3676 eo
652 3610 718 3675 cluo
745 3608 839 3676 simul
858 3609 1036 3678 docemur:
1062 3611 1245 3705 legitimum

165 3711 303 3804 quidem
329 3728 362 3776 et
388 3712 500 3804 qtraris
526 3709 708 3779 offensione
730 3734 865 3777 vacuum
893 3709 936 3775 ad
963 3736 1095 3777 caveam
1118 3711 1243 3778 aditum

164 3812 268 3876 serris
294 3833 362 3875 non
388 3809 498 3890 luisse,
529 3809 588 3875 sed
614 3807 757 3874 eundem
780 3834 839 3875 nsu
866 3828 985 3888 tumen,
1011 3812 1079 3875 sive
1105 3812 1244 3877 abusum

162 3908 275 3975 dicere
301 3907 469 3988 malueris,
494 3907 671 3975 invaluisse
696 3925 795 4000 atque
820 3906 855 3972 id
887 3908 1040 3974 licentiae
1067 3912 1168 3975 servis
1193 3911 1244 3973 in·

163 4007 303 4074 dnlsisse
340 4010 561 4100 magistratus:
600 4006 723 4099 alioqui
757 4031 822 4071 nec
851 4008 900 4073 ius
933 4008 1048 4075 luisset
1080 4006 1242 4074 aedilibus

164 4107 444 4174 exturbandos-um
483 4130 663 4185 serrorum,
697 4130 759 4172 nec
787 4124 923 4198 praeter
953 4125 1085 4172 ceteros
1110 4105 1243 4172 Claudii

164 4208 369 4297 potissimum
399 4205 449 4271 illi
479 4221 821 4273 commemorarentur
850 4224 1004 4298 tanquam
1027 4207 1242 4297 praecipuam

164 4303 297 4372 laudem
322 4305 443 4372 meriti.
468 4339 515 4355 -
539 4306 697 4371 Ceterum
725 4302 815 4395 quad
845 4322 878 4370 et
902 4309 930 4381 §.
958 4308 1004 4372 ‘22
1030 4303 1139 4369 verbis
1165 4323 1241 4370 ante

163 4403 267 4472 allatis
301 4422 335 4469 et
358 4405 386 4492 S
412 4406 458 4472 ‘25
494 4404 544 4469 bis
576 4403 703 4470 verbis:
736 4426 835 4466 omne
858 4405 1050 4476 servitium,
1074 4406 1239 4493 permissu

163 4508 384 4595 magistratus
422 4501 610 4580 liberatam,
643 4507 680 4566 iu
714 4501 859 4566 alteram
886 4525 1023 4565 scenam
1045 4506 1239 4578 immissum,

163 4603 264 4670 alteri
290 4606 530 4694 praepositum,
562 4619 599 4667 ut
621 4601 713 4666 alter
737 4625 911 4665 consessus
932 4608 1099 4692 potestati
1121 4626 1238 4668 serra-

165 4726 236 4768 rum
257 4701 472 4783 obiiceretur,
495 4700 584 4767 alter
605 4724 778 4767 serrarum
797 4716 887 4765 totas
909 4718 1012 4768 esset:
1040 4727 1164 4769 scena
1189 4718 1237 4767 est
