2820 5332
229 651 302 724 358
609 674 650 718 vi.
678 675 720 716 nn
748 673 923 719 versutius

229 843 643 941 ilntcrpretstiouem
676 847 761 917 nibil
797 850 904 918 baec
941 846 1082 947 quidem
1106 845 1216 919 studia
1240 849 1317 919 illo·

227 992 301 1033 rnm
327 968 474 1034 virorum
498 965 682 1059 pertinere.

727 1183 816 1271 ce.

324 1325 506 1422 Aliquanto
543 1332 684 1422 propius
723 1329 766 1396 ed
797 1327 925 1423 singula
962 1327 1185 1422 expendenda
1217 1333 1314 1423 putet

226 1446 390 1538 quispiam
417 1469 474 1512 eos
496 1447 689 1526 necessisse,
711 1469 796 1540 quos
822 1443 866 1510 de
892 1446 1037 1513 metricis
1064 1448 1245 1513 rationibus
1260 1449 1313 1512 in-

224 1560 352 1628 dicasse
378 1580 493 1628 auctor
520 1579 571 1628 est
586 1562 723 1629 Rufinus
737 1560 971 1627 Antiochensis
998 1558 1040 1626 de
1066 1563 1179 1628 metris
1208 1565 1311 1629 comi-

222 1680 269 1745 cis
292 1677 420 1746 libello.
472 1677 527 1745 Sic
565 1680 654 1745 enim
680 1676 738 1746 ille
763 1677 855 1744 haud
880 1677 1134 1744 immemorabili
1161 1681 1311 1746 testimo·

221 1795 277 1861 nio
311 1820 344 1885 p.
371 1794 467 1863 ῐ2713
491 1792 623 1862 Putscb.
658 1791 712 1860 vel
747 1794 782 1858 iu
818 1791 986 1860 Gaissordi
1019 1793 1141 1884 Script.
1173 1792 1227 1861 lat.
1259 1797 1309 1861 rei

222 1928 320 1974 metr.
346 1934 379 2001 p.
402 1909 473 1979 387
499 1933 569 2003 sq.:
607 1911 810 1975 Mensuram
833 1933 909 1976 esse
934 1913 971 1973 in
987 1908 1146 1996 subulis,
1170 1910 1235 1977 itoc
1258 1927 1309 1978 est

222 2023 368 2116 μέτρον,
395 2025 552 2092 Terentii
574 2041 609 2092 et
625 2021 745 2107 Pnun·
768 2049 810 2090 ac
836 2040 1026 2091 ceterorum
1052 2030 1308 2096 comicorum-ct

223 2144 451 2232 tragicorum,
477 2140 598 2207 dicunt
623 2141 678 2207 lsi:
718 2142 860 2216 Cicerc,
894 2140 1064 2216 Scaurus,
1097 2143 1308 2218 Firminnus,

223 2260 349 2338 Varro,
376 2258 588 2332 Victorinus,
616 2257 756 2324 Caesius
781 2258 921 2332 Bassus,
948 2260 1187 2336 Terentianus,
1221 2261 1309 2326 Cne-

221 2374 318 2439 cilius
354 2372 515 2450 Vindex,
549 2373 720 2448 Sisenna,
756 2374 890 2452 Cinna,
921 2375 1121 2454 Diomedes,
1151 2373 1306 2453 Albinus,

225 2490 473 2578 Quintilianus,
498 2489 676 2582 Sosipater
702 2491 887 2569 euaristus,
905 2490 1068 2569 Helenus,
1082 2487 1206 2580 Asper,
1224 2492 1307 2556 Flu-

224 2609 296 2673 rius
323 2607 448 2698 Caper,
471 2603 655 2682 Aruntius,
681 2603 825 2686 Probus,
851 2603 998 2689 Plinius,
1024 2608 1216 2675 Euanthius
1242 2607 1308 2677 Sa-

221 2721 343 2788 cerdos
367 2727 480 2815 quiet
508 2726 679 2804 Donatus,
706 2723 804 2790 Iuba.
857 2726 950 2807 Quae
987 2724 1124 2817 quidem
1160 2727 1309 2792 testimo-

221 2838 275 2903 nia
302 2863 368 2929 quo
394 2856 549 2931 spectent
571 2842 665 2907 cuive
690 2841 763 2907 usui
794 2839 1026 2920 cumulentur,
1059 2840 1253 2931 planissime
1292 2855 1311 2895 θ

220 2953 390 3023 Priscinno
417 2953 461 3020 de
487 2980 572 3023 vers.
601 2979 685 3025 cum.
706 2981 741 3048 p.
770 2954 864 3025 1319
890 2957 925 3020 Ρ.
948 2952 1022 3024 tto
1042 2956 1081 3022 G.
1100 2955 1308 3048 intelligitur,

224 3071 283 3161 qui
309 3073 415 3136 mirer
440 3072 485 3138 cit
509 3070 673 3167 quosdam
700 3071 753 3138 vel
774 3071 951 3163 abnegare
987 3094 1061 3140 esse
1090 3075 1128 3140 in
1153 3073 1311 3142 Terentii

221 3282 509 3301 “uua—“w

328 3393 397 3461 quod
416 3411 520 3462 prorsus
539 3401 641 3462 praeter
658 3395 782 3447 rationem
801 3392 930 3446 Heusiius
947 3394 1066 3445 instituit.
1103 3391 1178 3447 trito
1197 3393 1264 3443 enim
1283 3401 1309 3443 ct

326 3480 434 3532 Claudio
453 3482 539 3532 tribuit
558 3482 659 3532 iudices
677 3498 754 3549 super
772 3480 858 3532 Plauti
875 3480 970 3548 [ululis
989 3481 1158 3548 ambianis
1178 3479 1309 3551 (reiquae

324 3569 445 3620 dicuntur
461 3569 616 3640 antiquas),
636 3585 745 3636 eumque
766 3567 960 3637 inscriptionem
980 3585 1005 3636 p.
1024 3570 1067 3626 59.
1085 3568 1127 3621 64.
1145 3567 1188 3623 tt.
1209 3568 1253 3619 81.
1272 3567 1309 3619 82

322 3656 421 3723 proicit
438 3663 557 3724 inquom
576 3657 608 3707 sb
624 3658 688 3724 ipsis
709 3656 859 3724 proiectam.
879 3657 930 3709 Sed
944 3672 994 3710 uec
1012 3672 1058 3726 per
1076 3672 1105 3708 se
1124 3655 1247 3715 credibile
1268 3661 1309 3705 cst

321 3760 369 3796 sex
387 3752 487 3811 septem
506 3743 630 3797 litteratos
648 3744 764 3797 homines
783 3743 958 3811 ambiguorum
982 3751 1079 3795 tentum
1098 3743 1197 3794 indices
1216 3741 1307 3808 prodi-

323 3833 402 3896 disse,
421 3847 470 3883 nec
490 3831 587 3883 idulio
606 3830 681 3883 mode
704 3849 718 3884 e
736 3831 812 3884 Gellii
831 3832 870 3884 his
889 3831 975 3882 verbis
994 3832 1177 3899 consequiturs
1215 3830 1307 3881 Verum

324 3938 378 3973 esse
397 3926 546 3990 comperies,
565 3921 631 3988 qued
650 3920 769 3987 quasdem
787 3920 851 3972 lene
867 3919 993 3972 litteratos
1011 3920 1124 3970 bassines
1151 3919 1235 3969 dicere
1253 3933 1304 3966 art-

323 4009 385 4070 din,
404 4011 447 4076 qui
460 4009 596 4077 plerasque
615 4009 701 4060 Plauti
720 4009 865 4060 comaediae
881 4009 981 4059 curiose
999 4017 1074 4074 etque
1093 4014 1209 4059 contente
1227 4005 1302 4056 lecti-

322 4097 413 4157 tnrint,
430 4112 483 4145 non
502 4096 628 4146 indicibus
645 4095 714 4147 Aelii
738 4113 786 4146 nec
804 4095 914 4162 stetque
934 4112 983 4145 nec
1004 4093 1107 4145 Claudii
1136 4110 1184 4144 nec
1201 4086 1304 4144 Aur’elii

321 4199 369 4232 nec
389 4183 464 4248 Accii
480 4199 530 4233 nec
548 4183 653 4233 Manilii
671 4199 747 4249 super
765 4182 804 4232 lis
824 4182 927 4247 sabulis,
946 4198 1012 4248 qunc
1030 4180 1304 4246 discuteret-liques,

321 4271 486 4330 crediturum,
503 4269 549 4320 secl
564 4271 613 4338 ipsi
632 4269 722 4321 Plauto
740 4269 899 4337 incubueris
915 4271 1016 4337 inqenii
1033 4277 1107 4335 etque
1120 4267 1223 4335 lingum
1238 4268 1301 4317 cius.

268 4381 276 4399 ·
315 4355 396 4419 Quen
418 4357 485 4411 cuim
503 4356 594 4423 lugiet,
616 4356 661 4407 iiie
678 4375 755 4424 super
774 4357 813 4407 iis
832 4357 927 4424 [ululis
949 4373 1013 4423 utne
1028 4356 1149 4407 dicuntm
1168 4354 1304 4420 seliquas

312 4458 364 4493 uon
382 4446 510 4509 pertinere
529 4445 560 4494 ed
580 4444 715 4504 indicibus,
735 4443 780 4495 sed
799 4443 830 4494 ud
849 4444 1011 4507 medensem,
1032 4444 1136 4496 criticos
1163 4451 1247 4492 enimn
1267 4443 1301 4490 it-

312 4529 352 4580 los
374 4539 477 4582 cunctus
497 4548 555 4583 csse
575 4531 674 4583 lebuine
692 4529 860 4597 coripiexos‘l
898 4532 970 4594 Quod
997 4530 1101 4599 nitidem
1125 4530 1158 4578 itn
1178 4547 1236 4580 esse
1257 4528 1298 4578 roi

310 4632 343 4667 cx
360 4634 392 4667 co
414 4627 515 4685 poteret
535 4618 662 4685 intelligi,
691 4618 760 4687 quod
787 4634 821 4671 ne
846 4619 926 4671 latine
944 4618 1047 4688 quidcbr
1065 4619 1163 4670 inclines
1181 4634 1299 4684 stipes

307 4704 402 4775 [stitit
419 4707 543 4779 cuiauis
563 4706 689 4761 dicuntur.
718 4706 772 4778 (Gi.
793 4722 860 4781 quae
881 4721 958 4777 supra
974 4706 1041 4761 dicte
1061 4715 1119 4761 suut
1138 4722 1164 4776 p.
1181 4703 1241 4773 ut.)
