2820 5332
416 698 664 744 uosnntttnttn
692 700 885 745 ettvututtt.
1117 677 1189 754 449

110 900 235 941 summa
261 891 367 938 nutem
395 878 465 943 302
485 874 580 952 duos,
608 876 664 967 qui
691 900 803 942 omnes
831 876 932 943 hodie
960 876 1192 944 desiderantur

35 1085 38 1090 Ι
111 1010 209 1084 atque
233 994 351 1056 iamin
377 992 531 1057 Palatinis
555 991 648 1056 libris
675 991 878 1082 etciderunt.
938 996 985 1058 Ex
1020 996 1068 1059 his
1096 1011 1193 1087 quat·

112 1123 185 1172 tuot·
220 1132 356 1198 prorsus
394 1125 598 1173 evanuerunt
632 1109 666 1171 iu
709 1109 907 1174 membranis
947 1111 1189 1192 Ambrosianis3

111 1246 223 1288 eorum
251 1239 372 1300 autem,
399 1225 456 1316 qui
481 1222 588 1288 ultimi
615 1241 691 1287 sunt
708 1227 846 1316 paginae
866 1226 996 1315 prioris
1024 1224 1104 1290 haee
1120 1242 1191 1290 tnn-

111 1357 177 1402 tum
205 1340 296 1404 initin
323 1336 391 1429 legi
418 1356 612 1431 potuerunt:

309 1455 401 1518 tur
428 1453 492 1538 (vu
521 1452 633 1534 otuu)
691 1495 995 1516 ......

308 1571 392 1634 uuo
449 1614 994 1635 ..........

310 1685 392 1748 um
454 1729 995 1752 ..........

109 1799 398 1889 Aequieseeutlum
427 1801 525 1892 igitut·
550 1801 582 1863 iu
612 1822 672 1876 eo,
705 1815 740 1863 ut
772 1799 856 1864 intet·
882 1799 923 1876 V,
953 1805 983 1879 1,
1014 1800 1056 1866 ¹3
1085 1819 1117 1864 et
1146 1795 1189 1866 14

110 1912 259 1979 lacunam
287 1940 359 1980 esse
393 1917 643 2005 cognoverimus
680 1930 809 2005 septem
842 1912 894 1978 vel
925 1937 1033 2004 prope
1063 1930 1190 2005 septem

108 2042 275 2093 versuum:
306 2030 472 2122 siquidem
499 2055 581 2094 unus
604 2028 726 2095 alterve
754 2048 896 2121 propter
922 2032 1052 2095 nimiam
1080 2027 1189 2120 longi-

108 2143 257 2209 tudinem
284 2148 391 2236 potuit
417 2143 544 2211 divisim
572 2146 715 2236 scriptus
743 2169 825 2210 esse.
878 2147 920 2212 Et
950 2144 1077 2236 aliquid
1109 2168 1187 2210 sune

109 2259 227 2327 deesse
253 2260 351 2329 facile
377 2278 531 2354 potuerat
549 2259 627 2325 inde
656 2261 845 2340 existimari,
871 2259 963 2352 quod
989 2264 1074 2329 v.13
1101 2259 1187 2345 elam

108 2401 182 2441 esse
204 2379 305 2443 verba
332 2378 483 2445 subiecto
506 2378 718 2471 grammatico
742 2393 864 2441 curent.
915 2377 1050 2466 Septem
1077 2393 1186 2440 eutem

108 2518 260 2557 versuum
295 2491 430 2557 illorum
464 2495 496 2556 in
530 2508 688 2583 promptu
717 2506 765 2554 est
791 2487 890 2581 quale
917 2490 1062 2580 potuerit
1087 2515 1184 2581 argu-

106 2624 251 2671 mentum
280 2631 369 2672 esse:
401 2607 492 2672 euius
527 2624 563 2672 ut
597 2606 837 2697 expositionem
875 2604 1185 2701 eompeudisecete-

107 2748 187 2800 mus,
211 2723 271 2787 hos
299 2722 434 2787 lusimus
458 2717 540 2814 quos
563 2722 647 2787 iustu
676 2721 853 2812 posuimus.

132 2838 175 2904 13
201 2836 291 2904 Nu'm
316 2842 386 2904 scio
406 2837 559 2930 equidem
584 2831 677 2900 millo
689 2850 791 2927 paeto
815 2840 882 2900 iam
896 2831 967 2898 e'sse
981 2848 1079 2925 posse
1093 2832 1180 2899 eln'm

613 2974 741 3026 senem,

202 3064 330 3158 Quibus
361 3058 449 3134 dolis
482 3061 749 3132 concenturiatis
782 3061 857 3131 e'um
886 3089 950 3156 ego
982 3063 1177 3158 ludifieu'tus

590 3207 673 3248 sum.

196 3300 285 3365 Num
311 3290 347 3362 tit
373 3320 467 3360 erum
492 3293 562 3361 vidi
584 3292 787 3387 gestientem
798 3294 902 3382 stilio
926 3291 1155 3371 mercimo'ut‘o,

194 3412 240 3481 M
241 3410 343 3478 e'tuo
371 3437 414 3476 ne
439 3410 487 3475 nd
513 3406 667 3477 nostrtim
691 3416 834 3476 vicinum
857 3408 1030 3504 protinam
1053 3428 1173 3478 contu·

588 3522 667 3592 lerit
690 3527 824 3618 pedem,

192 3645 273 3714 Pro
297 3641 414 3738 imptis
439 3639 600 3718 aedibus,
630 3668 724 3734 picas.
739 3644 849 3710 initiat
874 3640 993 3725 miser,
1032 3663 1067 3710 ut
1092 3669 1170 3735 pre-

592 3764 674 3825 tium
698 3756 852 3825 so'lveret.

189 3872 222 3943 'I
230 3877 289 3942 lle
312 3876 368 3941 ubi
395 3872 585 3943 vendidisse
610 3900 647 3940 se
675 3899 822 3965 unquam
845 3899 903 3939 eas
926 3871 1020 3940 abdis
1043 3899 1168 3965 perne-

581 3987 738 4079 ga'verit,

189 4102 314 4197 Ne'que·
329 4131 365 4171 se
397 4121 583 4197 argeutum
605 4101 763 4195 accepse,
799 4109 852 4167 s'at
885 4107 955 4168 scio
989 4129 1060 4168 rem
1092 4101 1164 4172 (isse

569 4223 712 4308 jactum
734 4215 866 4285 omnem
888 4220 1015 4310 palam,

191 4334 318 4429 Quibus
352 4332 538 4405 mndaetis
570 4337 708 4402 celarim
733 4351 756 4400 a
786 4334 896 4426 gua'to
933 4361 1003 4401 rem
1034 4335 1162 4421 disper.

572 4452 688 4519 ditum.

109 4568 152 4639 14
180 4565 251 4639 Sed
271 4567 353 4662 quid
372 4570 436 4636 ltoc
457 4589 529 4646 est,
552 4568 644 4661 quod
654 4563 751 4654 so'ris
767 4571 961 4659 concrepuit
973 4563 1160 4656 proxumae

576 4679 743 4751 viciniae?

922 4796 968 4867 29
