2820 5332
240 661 311 734 584
580 681 609 722 x.
661 680 702 720 na
730 679 861 720 cantro
890 677 987 719 ωιτν

242 855 369 924 codicis
397 876 562 944 expressa.
614 851 700 915 Hinc
723 866 831 915 autem
856 866 892 914 ut
917 848 1103 927 ordiamur,
1139 847 1221 915 licet
1250 873 1338 915 sane

242 971 376 1047 mirari,
410 966 492 1060 quid
518 969 559 1032 sit
586 992 645 1031 eur
667 991 767 1029 unum
794 963 916 1030 librum
944 965 1142 1039 Aitorfinum
1169 962 1336 1031 Doeder-

241 1085 329 1153 linus
345 1102 461 1150 testem
483 1100 517 1147 et
537 1081 660 1148 sontem
681 1079 860 1172 protulerit
873 1079 961 1147 iliius
982 1079 1208 1160 additamenti,
1236 1080 1336 1174 quod

244 1200 384 1294 quidem
411 1202 482 1290 ipse
508 1198 653 1265 Murrius
679 1220 747 1260 non
774 1212 898 1261 tantum
923 1199 1136 1264 annotatione
1159 1196 1334 1289 ‘significet

243 1319 324 1381 item
347 1317 382 1380 in
408 1315 597 1379 Ebncriano
621 1309 767 1404 quodam
791 1309 908 1378 codice
936 1312 1034 1377 etiarn
1059 1313 1251 1405 antiquiore
1269 1338 1331 1378 ex-

242 1451 350 1510 stare,
380 1429 442 1495 sed
474 1455 515 1493 ex
550 1451 589 1492 eo
622 1427 696 1516 ipso
731 1425 847 1492 codice
876 1423 974 1517 piene
1000 1428 1237 1519 transcriptum
1268 1454 1330 1493 ex-

239 1548 446 1640 prompserit
472 1541 657 1607 eorundem
674 1542 950 1627 ,Ittcmorabitium
976 1561 1072 1635 parte
1091 1544 1131 1621 ll,
1146 1569 1178 1634 p.
1198 1541 1268 1613 136
1277 1570 1330 1636 sq.

239 1668 351 1755 Atque
378 1660 465 1727 hunc
491 1659 549 1727 ille
576 1655 698 1724 librum
738 1656 873 1722 saeculo
900 1658 949 1735 X,
988 1658 1188 1723 Altorflnum
1215 1676 1329 1723 autern

239 1768 308 1843 non
336 1774 515 1840 undecimo
542 1771 600 1838 sed
628 1771 829 1838 duodecimo
857 1774 980 1838 tribuit
1043 1774 1113 1840 Nec
1137 1792 1246 1839 tamen
1276 1775 1329 1839 iris

241 1893 372 1959 duobus
399 1891 494 1955 libris
521 1890 678 1956 memoria
704 1890 795 1954 istius
819 1890 868 1954 rei
896 1892 1001 1956 omnis
1017 1891 1213 1956 continetur.
1240 1891 1329 1955 Eos-

242 2007 318 2074 dem
347 2007 436 2072 eninr
459 2030 590 2083 veluus,
617 2003 710 2095 qnod
736 2005 845 2095 ipsum
871 2005 1036 2070 Murrium
1062 2006 1162 2097 sugit,
1189 2004 1332 2096 pridem

240 2123 438 2190 Franciscus
465 2122 613 2214 Guyetus
644 2137 801 2211 posuerat
836 2119 1158 2186 Commentariorum
1194 2123 1229 2186 in
1257 2122 1331 2186 Te-

243 2237 345 2303 rentii
380 2232 603 2313 Comoedias,
638 2235 695 2326 qui
726 2236 938 2327 Argentorati
961 2261 989 2304 a.
1016 2236 1210 2303 MDCLVII
1243 2264 1333 2329 pro-

245 2348 390 2430 dierunt,
417 2346 516 2440 p.5li.
539 2350 581 2413 Et
597 2348 652 2413 iric
678 2347 812 2440 quidem
842 2374 897 2415 eos
924 2351 961 2414 in
986 2349 1183 2440 quibusdam
1208 2375 1333 2415 exem-

241 2464 394 2559 pluribus
417 2465 489 2554 legi
512 2463 603 2545 dicit,
625 2489 659 2556 p·
685 2464 757 2534 380
783 2482 894 2530 auteur
921 2488 966 2529 ex
990 2471 1131 2558 antiquo
1159 2464 1281 2531 codice
1309 2495 1330 2532 a

244 2608 280 2649 se
299 2582 474 2667 ,exhibitos
502 2596 675 2646 memorat:
708 2606 769 2646 nee
804 2597 927 2645 tuntum
953 2580 1243 2672 depravatissimos
1270 2610 1331 2647 vo-

244 2714 312 2775 uat,
339 2721 454 2761 verum
481 2697 577 2760 etiam
603 2694 837 2785 suppositicios
864 2715 896 2760 ct
921 2697 1085 2763 Terentio
1111 2695 1212 2788 plane
1237 2697 1334 2761 indi·

245 2833 337 2903 gnos
398 2809 469 2876 Sed
499 2834 541 2873 ne
575 2807 722 2874 editores
749 2807 888 2901 quidem
913 2811 1110 2877 Terentiani
1134 2809 1333 2878 additiciaru

243 2923 335 2991 illam
362 2950 494 2991 scenam
519 2948 657 3016 prorsus
683 2924 884 3014 ignorarunt.
924 2928 950 2990 E
977 2926 1099 3020 Guyeti
1126 2928 1214 2992 enim
1236 2952 1334 2994 conr-

243 3039 407 3105 mentario
435 3041 570 3131 repetiit
594 3040 851 3106 Westerirovius
877 3041 939 3107 voi.
968 3042 991 3107 Ι.
1019 3070 1052 3133 p.
1080 3045 1149 3112 ‘217
1169 3068 1239 3134 sq.,
1268 3070 1334 3110 nee

245 3155 281 3218 in
307 3179 382 3219 mss.
407 3153 502 3218 libris
528 3152 655 3233 decem,
682 3178 766 3246 qnos
789 3155 862 3246 ipse
888 3155 1101 3237 consuluerit,
1126 3159 1240 3224 necin
1269 3159 1333 3223 im-

246 3291 440 3360 pressorum
466 3292 649 3363 quoquam,
666 3270 799 3362 ,quibus
826 3271 871 3335 uri
898 3273 1088 3364 contigerit,
1115 3273 1177 3337 sibi
1210 3299 1333 3366 reper-

249 3401 316 3450 tam
340 3382 519 3450 affirmans:
547 3404 697 3452 ceterum
723 3385 768 3480 de
795 3387 903 3452 verbis
929 3389 1088 3455 intricatis
1108 3406 1141 3454 et
1162 3389 1332 3461 absurdis.

247 3501 349 3566 immo
384 3500 534 3566 barbaris
565 3527 732 3593 querens,
774 3505 894 3594 quihus
928 3503 1155 3596 intelligendis
1191 3505 1334 3598 Oedipo

249 3639 333 3708 opus
361 3641 433 3682 esse
462 3617 664 3683 coniectore.
687 3616 737 3683 Er
761 3618 1037 3686 Wcsterhoriana
1054 3621 1182 3686 transiit
1204 3619 1332 3685 deinde

247 3731 282 3794 in
309 3732 509 3795 Zeunianarn
535 3727 726 3797 editionem.
778 3731 936 3798 Indidem
961 3753 1087 3812 autern,
1126 3734 1216 3800 nude
1247 3738 1335 3804 We-

246 3845 443 3925 sterhovius,
469 3847 502 3910 in
529 3847 703 3912 Poetarum
730 3848 936 3914 scenicorum
963 3848 1018 3915 lat.
1046 3875 1167 3942 corpus
1192 3851 1333 3917 Bothius

247 3979 377 4028 nostras
399 3962 530 4054 recepit
555 3962 777 4055 appendicem
800 3968 951 4055 spuriam
976 3966 1185 4058 inscriptam,
1213 3966 1273 4032 sed
1301 3969 1331 4032 is

247 4075 383 4168 quidem
410 4103 431 4142 a
453 4097 556 4144 semet
581 4080 737 4146 nimirum
763 4078 971 4146 emendatam
996 4100 1028 4147 et
1053 4106 1091 4148 ex
1117 4099 1212 4174 parte
1229 4102 1267 4150 ut
1287 4084 1356 4148 ait‘

246 4190 482 4259 versificaturo:
516 4217 582 4258 non
608 4195 695 4258 enim
719 4197 763 4260 ita
789 4194 891 4261 malos
917 4196 997 4261 istos
1023 4221 1135 4262 versus
1161 4222 1258 4277 esse,
1293 4217 1331 4263 ut

246 4304 444 4398 quibusdam
469 4304 827 4389 viderentur,'tametsi
856 4336 912 4378 eos
939 4314 1102 4379 Terentio
1125 4316 1331 4405 suppositos.

246 4421 311 4504 Qui
335 4446 403 4514 quo
430 4424 500 4490 iure
527 4448 571 4490 ex
595 4426 841 4492 recentioribus
861 4425 1060 4519 quibusdam
1076 4429 1342 4520 exenrplarr'hns'

246 4562 263 4600 a
290 4538 420 4628 Guyeto
443 4558 628 4631 protractos
656 4540 761 4622 dicat,
784 4545 857 4636 ipse
882 4542 1020 4610 viderit:
1047 4570 1240 4638 quanquam
1265 4572 1334 4612 an-

246 4657 375 4745 tiquum
399 4652 492 4722 illum
519 4655 669 4724 codicem
690 4659 824 4727 minime
846 4685 1005 4754 negamus
1038 4662 1243 4758 potuisse
1271 4690 1331 4732 ve·
