2820 5332
106 1671 165 1737 DE
193 1671 371 1737 otiuttuo
404 1671 545 1736 EXITV
580 1671 777 1736 ANDRIAE
815 1666 1190 1752 'ruussut¹1uttuss*).

523 1904 769 1916 n——n———a——ae

225 2145 372 2212 Gratiam
399 2144 488 2244 hnud
515 2147 665 2238 exiguam
691 2145 732 2211 ab
759 2145 968 2241 antiquorum
1002 2144 1188 2211 litterarum

104 2257 260 2326 studiosis
300 2262 350 2326 vit·
389 2262 688 2352 praestantissimus
730 2259 918 2328 Ludovieus
961 2260 1186 2328 Doederlinus

102 2377 175 2440 iniit
198 2375 325 2467 vulgatu
351 2402 436 2443 anno
460 2379 613 2467 proximo
639 2376 836 2445 Lectionum
851 2377 1026 2443 Variacum
1049 2375 1185 2458 Triatle,

103 2491 194 2554 euius
224 2507 371 2555 extremo
395 2491 558 2582 particula
583 2489 625 2557 od
652 2491 906 2557 Terentium
932 2476 1070 2584 spectet.
1099 2493 1184 2558 Cmn

104 2607 192 2669 enim
219 2605 252 2670 iu
280 2601 647 2700 Eulangc'nsiquodam
673 2603 790 2691 codice
816 2631 875 2671 ms.
901 2604 979 2673 olim
1009 2606 1183 2689 Altonfino,

100 2746 199 2812 quem
225 2719 357 2788 saeculo
376 2722 434 2787 xl.
462 2723 578 2789 tribuit
602 2720 774 2815 nitidoque
801 2722 961 2814 scriptum
988 2721 1079 2802 dicit,
1106 2727 1182 2788 An-

102 2835 195 2902 ‹lria
210 2862 237 2916 e,
264 2835 370 2928 qualis
393 2861 481 2904 nune
506 2837 621 2921 fertur,
649 2835 877 2929 duodeviginti
893 2862 1006 2905 versus
1033 2828 1181 2908 adiectos

97 2953 324 3044 reppeljisset,
363 2970 396 3019 et
422 2953 541 3019 omisso
568 2951 703 3045 quidem
738 2926 871 3045 solenni
897 2953 932 3017 in
955 2953 1020 3037 tine
1047 2953 1179 3041 fabulae

95 3066 249 3159 plaudite
284 3066 430 3135 adiectos
462 3069 587 3160 unique
621 3067 788 3160 Pamphili
812 3093 976 3162 personne
1001 3071 1180 3169 ascriptosf

96 3183 157 3248 lios
178 3202 210 3248 ct
224 3181 329 3248 edidit
349 3201 382 3250 et
406 3180 517 3275 aliqua
543 3208 582 3249 ex
607 3200 700 3274 parte
730 3182 912 3251 emendare
939 3182 1072 3264 studuit,
1099 3185 1179 3252 alte-

53 3370 56 3376 ·
96 3326 166 3364 ram
190 3317 317 3391 partem
345 3317 420 3364 uta
439 3315 548 3366 metro
568 3316 602 3364 et
625 3304 800 3393 sententie
823 3303 944 3364 misere
965 3299 1178 3393 laborantem

91 3415 245 3503 fideliter
269 3413 486 3506 descripsisse
511 3420 596 3481 sutis
614 3433 719 3482 ratus.
731 3418 818 3511 ¹Nee
840 3413 883 3480 de
908 3432 1024 3491 aetate
1041 3431 1076 3481 et
1094 3392 1177 3497 con.-

94 3534 268 3599 venientia
287 3531 384 3597 totius
405 3532 603 3598 accessionis
617 3529 705 3601 illius
725 3533 904 3625 quicquam
919 3530 1084 3623 iudicavit,
1110 3534 1174 3599 uisi

94 3645 188 3740 quod
204 3670 396 3712 sermonem
417 3664 452 3712 et
470 3671 584 3712 versus
593 3648 755 3714 Terentio
775 3651 912 3712 minime
927 3646 1091 3738 indignos
1111 3648 1174 3711 Itu·

93 3761 176 3842 beri,
202 3781 235 3828 et
250 3767 324 3855 ipsa
342 3787 456 3829 rerum
476 3761 683 3829 obscuritate
696 3761 858 3828 nonnihil
858 3759 953 3855 stdeq¹
965 3760 1074 3827 verbis
1088 3760 1173 3847 addi

91 3876 149 3942 ait:
177 3902 319 3968 quorum
342 3879 408 3946 hoc
431 3903 498 3970 quo
527 3876 631 3945 valeat
647 3903 765 3971 purum
791 3899 851 3942 nos
869 3875 1002 3969 assequi
1024 3876 1172 3946 fatemur.

87 3994 382 4059 Praetereanonu
409 4020 445 4061 se
472 3996 617 4086 primum
644 3993 678 4057 in
696 3988 814 4075 ⁸lucem
839 3988 897 4057 itta
923 3991 1073 4083 protrahi
1101 4018 1171 4087 mo-

87 4109 176 4174 nuit:
212 4107 341 4200 quippe
376 4135 461 4202 quae
486 4107 620 4201 pridem
654 4105 844 4200 legerentur
872 4106 907 4171 in
935 4106 1014 4173 Chr.
1034 4107 1099 4173 Th.
1127 4107 1169 4201 de

85 4224 205 4290 Murrii
229 4222 505 4290 Memorabilibus
529 4221 810 4289 bibliothecarum
826 4221 1166 4316 Norimhergeusium,

84 4357 169 4434 punt
195 4340 254 4406 111.
280 4365 312 4436 p.
330 4340 386 4418 75,
412 4364 602 4433 quanquam
626 4361 694 4409 uon
720 4337 796 4409 satis
822 4355 975 4436 accurate
1001 4336 1044 4404 ad
1065 4337 1168 4407 sidem

94 4512 366 4524 mn·-

119 4593 145 4660 ‘j
164 4588 239 4641 Edita
258 4605 281 4642 u.
302 4601 462 4658 ctotoocext.
