2820 5332
126 712 140 733 Ι
232 633 304 707 454
449 657 513 699 vau.
539 658 580 699 nn
605 656 749 699 mnatre
779 655 950 701 scanaavn
979 656 1101 701 oanrne

231 835 417 929 longiorem
459 832 522 899 sibi
567 831 824 925 disputationem
861 832 980 923 poscit.
1046 828 1230 900 Sciendum
1264 849 1323 896 est

232 953 333 1028 enim,
361 951 417 1041 qui
442 944 521 1012 inde
547 973 564 1012 a
590 948 783 1014 Camerario
810 947 899 1014 inter
921 947 982 1027 ΙΙΙ,
1007 953 1038 1030 l,
1065 949 1112 1016 70
1128 949 1220 1015 ertu
1241 945 1321 1013 col-

228 1064 355 1135 locatus
377 1082 439 1130 est:

328 1201 388 1246 Tr.
415 1180 480 1253 Eia
506 1182 676 1268 mastigia,
704 1179 750 1243 ad
768 1203 820 1244 me
836 1177 922 1243 redi.
964 1198 1020 1244 Ta.
1047 1181 1116 1242 iam
1133 1180 1210 1242 istic
1231 1200 1314 1242 cro:

228 1321 304 1363 eum
330 1319 461 1362 versum
484 1319 551 1360 non
579 1293 632 1361 hic
657 1293 722 1388 legi
744 1296 780 1358 in
805 1293 989 1373 codicibus,
1011 1291 1073 1358 sed
1099 1310 1176 1385 post
1200 1291 1261 1373 ΙΙΙ,
1275 1299 1316 1374 2,

226 1411 283 1478 3‘2.
310 1412 419 1502 Atque
445 1411 625 1501 generatim
649 1409 873 1476 consideranti
896 1407 996 1476 facile
1015 1424 1155 1500 apparet
1174 1407 1314 1474 omuino

226 1526 369 1591 alienum
395 1552 413 1590 a
443 1543 558 1589 neutra
592 1550 693 1591 scena
723 1551 803 1592 esse.
855 1523 939 1589 Nam
969 1540 1094 1590 tantum
1127 1524 1162 1588 in
1192 1541 1314 1615 aperto

228 1660 289 1720 est,
312 1639 482 1706 inclamari
503 1638 569 1705 illis
596 1642 705 1707 verbis
732 1639 918 1732 digressum
942 1665 960 1704 a
986 1636 1207 1729 Theuropide
1222 1639 1313 1702 Τια-

226 1759 363 1824 nioacm
391 1754 488 1822 etad
515 1781 608 1821 erum
641 1758 807 1823 revocari:
846 1741 1013 1848 digressus
1046 1773 1156 1820 autom
1183 1754 1312 1821 Tranio

227 1873 264 1938 in
288 1870 346 1936 illa
373 1895 472 1937 scena
503 1870 545 1936 ad
572 1870 734 1938 danistam
771 1890 855 1951 erat,
890 1870 932 1936 ad
968 1870 1137 1937 Simonem
1170 1870 1205 1935 in
1234 1869 1310 1935 hac.

230 1989 407 2053 Praeterea
440 1985 609 2053 latendum
640 2005 690 2054 est
708 1989 765 2076 ,pita
800 1988 903 2054 verba
930 2003 1119 2078 comparata
1144 2009 1234 2064 esse,
1271 2002 1311 2050 nt

232 2101 275 2167 de
301 2126 388 2167 nexu
412 2127 482 2169 non
510 2105 552 2167 sit
577 2103 673 2168 nimis
696 2100 894 2168 timendum.
945 2101 1029 2166 Nam
1053 2099 1091 2165 id
1116 2101 1223 2192 ipsum
1240 2101 1311 2192 agi-

230 2236 283 2284 tur
307 2216 468 2310 prolecto,
496 2235 530 2282 ut
554 2218 662 2283 subita
680 2220 729 2283 eri
750 2216 987 2284 acclamatione
1006 2214 1157 2283 sedulum
1172 2214 1314 2306 aliquod

227 2334 408 2399 Tranionis
434 2333 501 2398 sive
528 2356 603 2399 cum
629 2331 758 2399 danista
775 2334 846 2402 sive
866 2358 940 2398 eum
957 2331 1093 2400 Simone
1107 2328 1315 2422 colloquium

227 2445 483 2539 interpelletur,
517 2473 631 2515 servus
662 2467 793 2531 autem,
832 2450 978 2541 quamvis
1013 2471 1048 2514 ac
1073 2447 1313 2515 obsecuturum

228 2561 459 2655 respondens,
499 2582 610 2629 tamen
645 2567 680 2628 in
710 2567 898 2656 intercepto
934 2588 1088 2629 sermone
1127 2587 1313 2654 parumper

228 2697 356 2771 pergat.
416 2680 715 2747 Verumenimvcro
737 2682 828 2747 bono
854 2699 973 2772 poetae
998 2680 1153 2772 quoniam
1178 2679 1211 2742 in
1237 2680 1313 2769 ipsa

230 2796 412 2862 imitatione
437 2798 520 2862 vitae
547 2795 760 2886 quotidianae
788 2815 897 2862 tamen
923 2794 1008 2861 illud
1037 2793 1217 2875 curandum
1252 2812 1313 2874 cst,

230 2928 331 2976 utne
358 2912 471 3002 inepte
496 2913 661 2991 imitetur,
695 2913 721 2978 is
755 2912 798 2978 de
828 2936 894 3004 quo
929 2913 1053 3004 agimus
1078 2934 1190 2978 versus
1215 2908 1313 2976 credi

232 3027 351 3116 nequit
383 3043 459 3116 post
490 3027 547 3107 111,
575 3030 607 3104 2,
633 3031 680 3096 32
702 3028 827 3119 positus
853 3026 971 3093 fuisse:
1003 3027 1062 3092 ubi
1097 3024 1233 3119 quidem
1258 3025 1313 3090 vix

234 3143 359 3207 institui
394 3159 530 3234 coeptus
561 3166 669 3209 sermo
704 3142 859 3234 quidam,
885 3145 943 3235 qui
980 3167 1049 3235 quo
1083 3166 1237 3209 evasurus
1273 3142 1315 3205 sit

231 3281 369 3348 prorsus
395 3255 502 3334 lateat,
525 3257 784 3348 interrumpatur
801 3259 1090 3350 importunissime.
1119 3256 1217 3341 Quod
1238 3281 1314 3323 cum

234 3371 444 3436 Camerarius
469 3398 546 3438 vere
573 3377 736 3453 sensisset,
758 3398 826 3440 non
844 3391 954 3439 tamen
973 3375 1130 3441 continuo
1156 3373 1200 3437 ad
1216 3370 1311 3437 aliam

233 3509 366 3550 scenam
393 3486 572 3551 transferre
601 3486 756 3555 debebat.
808 3491 849 3554 Et
865 3509 1028 3583 repugnat
1041 3490 1149 3581 ipsum
1167 3505 1310 3554 metrum

234 3597 497 3665 evidentissime:
530 3601 612 3692 sugit
638 3605 725 3666 enim
750 3602 862 3684 illum,
897 3603 1096 3671 u·ochaicam
1123 3627 1313 3667 mensuram

233 3718 288 3779 eia
311 3713 503 3806 particulam
536 3742 679 3809 aequare
714 3736 746 3783 ct
769 3737 909 3784 accentu
933 3722 967 3784 in
995 3717 1197 3811 paenultima
1220 3734 1314 3782 nota-

234 3828 320 3916 1·i*):
346 3857 365 3896 e
391 3855 458 3924 quo
485 3834 699 3924 consequitur
723 3859 790 3900 nou
817 3836 998 3903 iambicum.
1018 3858 1147 3900 versum
1171 3857 1252 3913 esse,
1280 3850 1315 3897 ut

285 4025 315 4099 ¹⁸)
334 4027 414 4079 Vnum
437 4036 477 4078 est
494 4029 562 4097 qnod
579 4045 724 4097 repugnare
742 4031 843 4082 ridetur
862 4032 1006 4100 exemplum
1025 4033 1103 4084 iloto.
1121 4036 1152 4098 tt,
1171 4034 1197 4099 4,
1217 4035 1264 4088 38:

377 4121 431 4172 tr.
452 4122 506 4173 Oro
522 4132 550 4174 ιιι
567 4124 683 4191 iynoaeut
700 4125 798 4177 delictis
817 4128 871 4177 eius
889 4136 964 4193 atque
982 4127 1181 4180 adulescentiae.

372 4209 433 4260 DE.
452 4209 547 4278 Pe'rqin
564 4219 590 4262 ta
607 4211 711 4263 autem?
737 4214 778 4263 ιιίι·
801 4213 907 4281 superbe
926 4215 1066 4269 invalere?
1096 4233 1171 4287 spero
1191 4232 1239 4285 ego
1256 4215 1321 4266 otili

728 4317 824 4366 quoque

379 4383 480 4451 Tempus
499 4386 550 4435 tale
570 4397 717 4439 eventurum
734 4404 756 4439 c.
777 4406 801 4456 q.
823 4406 844 4440 s.

340 4475 406 4527 Nolo
428 4495 443 4529 c
462 4479 633 4532 collocatione
654 4482 794 4549 particulae
825 4486 1011 4552 argumentari:
1039 4486 1128 4538 lortius
1153 4500 1209 4541 eam
1228 4500 1242 4533 a
1261 4500 1319 4535 me-

337 4573 434 4623 moriae
454 4574 504 4625 ssde
525 4575 633 4627 adorior.
671 4577 725 4630 Noe
745 4581 811 4630 enim
831 4581 873 4630 eia
892 4579 934 4630 vel
951 4580 975 4630 in
995 4582 1089 4635 Vetere·
1110 4580 1150 4631 rel
1170 4582 1194 4629 in
1216 4578 1318 4629 Decur-

341 4674 393 4720 tatu
412 4679 504 4734 exstat,
522 4671 567 4721 sod
585 4674 610 4723 ia
632 4673 681 4724 hoe
700 4683 739 4724 ast
755 4675 808 4733 Ιιίιι,
829 4677 854 4726 iu
871 4674 917 4727 illc
936 4676 992 4728 hue.
1024 4676 1096 4728 Vnde
1115 4676 1246 4743 profectus
1268 4676 1322 4727 Bo..
