2820 5332
23 374 29 383 ι

578 475 583 487 l

418 685 677 730 uosuntutume
704 682 896 729 astruente.
1126 657 1195 730 441

117 861 200 929 iilud
228 885 365 954 quoque
390 861 487 929 facile
515 860 829 941 demonstrabimus,
853 886 922 928 nou
940 863 1088 954 potuisse
1103 864 1197 954 prio-

117 1004 193 1044 rem
216 995 342 1069 partem
370 1002 489 1043 scenae
513 981 535 1045 ‘2
562 995 623 1044 act
650 978 697 1040 {V
722 1003 791 1045 non
816 976 1009 1045 collocatam
1036 1003 1108 1044 esse
1123 995 1198 1044 aute

118 1095 177 1172 111,
204 1094 235 1160 3.
295 1092 377 1158 Nam
412 1119 487 1159 cum
524 1094 706 1184 scripturae
742 1118 857 1159 versus
892 1092 973 1181 (uon
1008 1094 1200 1160 necessario

117 1211 197 1274 item
225 1205 400 1292 metricos)
426 1206 575 1298 singulae
604 1207 737 1274 codicis
752 1205 840 1273 illius
873 1210 1012 1302 paginae
1035 1212 1107 1273 sine
1133 1206 1201 1273 ulla

124 1325 323 1415 exceptione
357 1322 560 1417 undeviginti
593 1342 752 1401 teneant,
789 1347 998 1416 consequens
1033 1341 1082 1389 est
1107 1340 1143 1388 ut
1166 1324 1201 1387 in

120 1440 255 1507 schedis
286 1439 306 1504 k
340 1436 411 1505 eti
445 1440 627 1531 perscripti
663 1439 787 1505 suerint
822 1464 879 1505 sex
915 1459 949 1506 et
982 1440 1200 1531 septuaginta.

121 1557 248 1640 Quibus
277 1557 333 1621 ubi
355 1538 528 1621 addideris
553 1553 626 1622 illos
645 1553 862 1649 undeviginti,
890 1580 1031 1648 quorum
1058 1554 1202 1646 quifinis

122 1674 163 1738 sit
198 1674 232 1736 iu
272 1671 521 1762 corruptissima
554 1671 672 1762 pagiua
703 1669 808 1737 altera
840 1669 985 1736 schedae
1010 1671 1028 1734 J
1051 1668 1203 1761 dignosci

122 1788 250 1878 nequit,
278 1787 417 1851 babebis
443 1787 621 1877 nonaginta
646 1787 805 1878 quinque.
844 1787 881 1850 In
900 1811 1001 1879 quem
1028 1792 1203 1851 narmerum

125 1904 201 1966 satis
230 1902 383 1966 convenit
408 1924 566 1966 versuum
592 1926 718 1966 summa
745 1924 870 1980 eorum,
895 1925 978 1993 quos
999 1925 1110 1966 evero
1129 1923 1203 1966 sce-

126 2043 241 2082 narum
267 2015 387 2083 ordine
410 2016 475 2081 boc
503 2018 760 2107 computaveris:

324 2133 364 2197 ab
391 2132 451 2210 ΙΙΙ,
484 2134 516 2210 9,
543 2129 611 2198 156
636 2131 678 2197 ad
708 2136 775 2202 170
826 2157 939 2198 versus
969 2132 1011 2198 15

324 2249 364 2313 ab
391 2248 448 2326 IV,
479 2253 508 2325 1,
538 2252 553 2313 1
581 2247 622 2313 ad
649 2251 694 2317 27
963 2248 1011 2316 29

128 2363 290 2456 nulloque
318 2363 491 2430 intervallo

324 2482 364 2545 ab
391 2481 447 2573 ΙΙΙ,
474 2482 505 2556 2,
534 2487 548 2546 1
579 2478 621 2543 ad
647 2480 694 2546 ‘23
962 2481 1009 2548 ‘23

92 2618 107 2661 t
326 2598 367 2661 ab
396 2597 453 2674 ΙΙΙ,
472 2597 505 2673 3,
532 2599 548 2660 Ι
577 2592 619 2659 ad
647 2595 690 2661 19
963 2596 1006 2661 21
1065 2633 1072 2643 -

964 2751 1012 2819 88

131 2868 311 2936 Sciendum
339 2888 388 2936 est
415 2872 502 2935 enim
529 2870 617 2936 inter
644 2865 789 2958 singulas
809 2891 925 2933 scenas
940 2867 974 2931 in
990 2866 1223 2932 Ambrosiauo

130 2987 285 3051 binorum
321 2987 445 3078 ubique
478 3010 633 3050 versuum
666 2984 768 3074 spatia
804 2981 1031 3062 intercedere,
1068 2989 1211 3075 quo'rum

133 3101 271 3167 alterum
297 3127 436 3167 vacuum
461 3117 519 3179 est,
545 3124 766 3193 personarum
788 3099 920 3165 nomina
947 3117 1036 3165 tenet
1061 3098 1210 3163 alterum.

133 3216 261 3299 Quodsi
285 3217 346 3281 bae
372 3217 499 3282 ratione
526 3215 643 3283 deesse
666 3232 794 3308 septem
811 3240 922 3282 versus
937 3214 1100 3294 ridentur,
1128 3239 1211 3306 quos

135 3332 298 3400 excidisse
332 3334 366 3398 iu
395 3332 551 3399 Palatinis
584 3334 775 3424 ceterisque
807 3329 979 3398 codicibus
1007 3329 1213 3396 credendum

133 3450 183 3528 sit,
211 3466 247 3513 ut
271 3450 354 3515 ratio
382 3451 555 3516 conveniat
579 3465 708 3515 nostra:
735 3448 838 3513 habet
861 3445 997 3540 quidem
1023 3446 1087 3513 boc
1107 3472 1210 3539 genus

132 3564 358 3632 concludendi
386 3565 615 3632 necessitatem
641 3567 675 3630 in
693 3564 842 3630 iambicis
859 3564 1006 3645 senariis,
1032 3565 1066 3628 in
1093 3565 1214 3655 quibus

132 3684 348 3749 metricorum
380 3707 531 3748 versuum
563 3706 741 3748 numerum
771 3706 941 3774 nunquam
976 3705 1043 3745 nou
1068 3696 1215 3770 aequant

136 3797 484 3893 scripturaeversus,
520 3823 590 3863 non
624 3797 724 3864 babet
755 3800 789 3862 in
816 3796 991 3863 trocbaicis
1029 3795 1214 3885 ceterisque

136 3915 406 3991 tetrametrissut
432 3915 490 4007 qui
517 3939 630 3979 versus
656 3931 800 4005 propter
825 3910 956 3976 nimiam
970 3906 1213 4000 longitudinem

135 4053 203 4093 non
230 4054 304 4094 raro
336 4030 421 4096 binis
453 4032 637 4123 scripturae
669 4030 819 4095 versibus
854 4016 1064 4093 Ambrosiaui
1089 4023 1214 4091 codicis
1297 4046 1301 4051 ·

133 4142 271 4212 librario
296 4144 512 4237 dispescendi
539 4146 670 4213 suerint.

631 4380 662 4467 §-
690 4379 719 4446 s.

214 4581 347 4671 Ergone
373 4579 448 4643 satis
476 4602 563 4642 ntruc
588 4578 696 4642 omnia
721 4575 877 4669 expedita
895 4574 1135 4669 suntnuiiique
1153 4559 1214 4639 iam

141 4695 339 4763 dubitationi
365 4693 532 4760 obnoxia?
583 4696 657 4760 Non
684 4696 725 4758 ita
751 4717 842 4760 vero.
887 4692 1216 4761 Rentotumestsane
