2820 5332
570 746 603 790 ll·
628 746 671 788 DE
695 744 823 788 Ali'l'd'l'!
850 745 980 790 ΝΛΜ.

726 959 813 1023 ιιι.

682 1101 736 1169 nu
760 1106 791 1193 g.
817 1102 850 1173 o.

326 1251 398 1317 llas
428 1248 565 1315 demum
597 1246 803 1316 calculorum
836 1251 1055 1342 congruentis
1081 1252 1244 1332 efficitur,
1281 1274 1319 1323 nt

229 1366 274 1435 de
300 1359 486 1458 integritate
511 1388 630 1430 eurum
653 1388 883 1442 numerorum,
897 1389 982 1458 quos
1000 1364 1215 1435 definiendae
1228 1373 1320 1436 Nae-

227 1483 270 1548 vii
296 1480 394 1547 aetati
420 1477 548 1546 Gellius
572 1477 686 1570 paullo
713 1496 789 1546 ante
816 1479 980 1561 adhibuit,
1003 1505 1070 1547 non
1086 1482 1238 1549 videatur
1255 1484 1321 1549 du-

226 1596 324 1663 bitari
351 1617 461 1686 posse.
510 1591 648 1685 Alioqui
678 1595 765 1659 euim
801 1619 905 1660 nntius
942 1594 1000 1662 ille
1025 1600 1320 1689 quingentesimus

227 1708 494 1776 undevicesimus
529 1709 583 1773 vix
615 1709 723 1799 possit
754 1731 824 1774 uon
849 1728 1024 1801 suspectus
1050 1735 1136 1778 esse.
1186 1712 1319 1778 Etenim

226 1827 373 1919 scriptor
402 1849 478 1891 cum
502 1847 588 1890 anno
614 1847 732 1891 nxrtrn
767 1824 825 1916 Sp.
856 1824 991 1892 Carvilii
1029 1825 1209 1893 divortium
1242 1851 1318 1893 cum

226 1965 332 2008 uxore
359 1939 483 2006 luctum
509 1939 641 2018 tribunt,
668 1937 852 2030 codemque
878 1964 973 2025 anno
998 1940 1125 2007 subulas
1151 1967 1168 2007 ι
1191 1942 1320 2010 Naevio

227 2055 319 2123 dutus
351 2055 488 2122 scribut:
529 2054 621 2120 idem
656 2071 765 2120 sutem
802 2054 980 2121 divortium
1016 2054 1100 2121 illud
1125 2055 1184 2120 lib.
1211 2056 1319 2134 IV,3

225 2169 404 2263 perhibeat
440 2196 469 2234 u.
503 2166 606 2236 numu
638 2169 780 2236 sectum:
817 2171 976 2261 quonium
1013 2170 1048 2236 in
1081 2168 1240 2236 alterutra
1278 2193 1317 2237 re

226 2309 304 2351 eum
330 2308 459 2350 errasse
481 2300 627 2374 oportet,⁴
650 2307 694 2349 ne
718 2283 785 2349 boc
811 2283 949 2376 quidem
983 2286 1059 2351 sutis
1092 2302 1219 2351 certum
1247 2286 1318 2351 cui-

227 2401 318 2490 pium
343 2397 517 2490 videatur,
551 2415 660 2464 utrum
689 2398 808 2464 eodem
832 2423 927 2465 nnnc
952 2403 1228 2492 quingentesimo
1251 2422 1318 2463 rtru-

227 2513 429 2582 deviccsimo
455 2538 497 2579 un
523 2512 659 2594 eodem,
693 2532 758 2606 quo
786 2515 930 2580 Carvilii
953 2512 1138 2580 civorium
1153 2519 1318 2597 ¹suctum,

200 2628 369 2697 'voluerit
393 2628 450 2695 ille
477 2628 569 2696 datas
605 2655 622 2694 a
647 2630 772 2697 Naeuio
800 2628 926 2695 sabulos
953 2629 1079 2696 dicere.
1130 2629 1318 2696 Fatendum

227 2760 410 2811 esttamen
435 2743 480 2811 iu
506 2742 654 2810 Gellium
680 2769 756 2811 suos
781 2743 857 2810 illos
884 2743 1122 2811 excellentium
1148 2746 1320 2812 hominum

146 2899 148 2911 ·
227 2857 278 2944 (ut
301 2859 374 2950 ipse
401 2856 459 2943 ait)
491 2855 785 2951 συγχρονισμοὺς
811 2861 1057 2950 composuisse,
1083 2878 1120 2925 ut
1139 2863 1185 2927 'ex
1207 2879 1320 2927 certo-

226 2995 301 3037 rum
332 2996 495 3039 annorum
531 2974 724 3041 delinitione
755 2999 867 3040 earum
904 2999 987 3067 quas
1024 2974 1177 3067 prodidit
1202 2999 1318 3040 rerum

228 3084 383 3154 ordinem
408 3104 570 3167 necteret,
596 3110 664 3154 non
692 3112 732 3152 ex
759 3091 908 3180 ipserum
933 3113 1044 3155 rerum
1061 3090 1149 3155 inter
1172 3115 1207 3156 se
1226 3112 1320 3156 com·

226 3202 417 3293 paratione:
462 3201 631 3267 fotendum
664 3221 839 3294 praeterea
869 3222 934 3270 tam
962 3223 1079 3295 suupte
1106 3222 1220 3269 natura
1248 3205 1318 3270 dis-

226 3340 344 3407 parem
369 3341 442 3382 esse
465 3317 567 3408 primi
595 3315 647 3402 (ut
683 3319 855 3383 veteribus
880 3316 1002 3400 visum)
1036 3319 1122 3382 inter
1152 3318 1318 3385 Romanos

228 3429 362 3498 divortii
389 3450 421 3496 et
446 3448 592 3497 acturum
617 3431 803 3498 fabularum
826 3433 1030 3510 memorium,
1053 3449 1090 3497 ut
1101 3456 1212 3523 aegre,
1235 3431 1320 3523 quid

226 3547 317 3611 iuter
342 3563 517 3637 utrumque
543 3544 595 3613 vel
620 3547 849 3614 intercesserit
880 3545 932 3612 vel
965 3548 1071 3637 possit
1103 3547 1320 3613 intercedere

227 3657 494 3740 necessitudinis,
513 3678 664 3751 exputes.
697 3659 766 3728 Sed
790 3660 896 3726 nihilo
923 3680 1034 3726 tumen
1058 3661 1166 3726 minus
1191 3660 1232 3726 de
1253 3678 1321 3725 ‘ntr-

227 3797 397 3840 merorum
423 3772 515 3865 apud
538 3773 627 3839 Gell.
652 3774 711 3840 lib.
736 3774 833 3839 XVll
871 3773 1062 3865 corruptela
1095 3772 1191 3840 facile
1229 3776 1323 3865 quis-

227 3891 318 3981 piam
353 3889 542 3980 suspicetur
578 3908 610 3956 et
641 3883 734 3959 XXttl
770 3912 834 3980 pro
861 3906 973 3959 Xt'lttt
1008 3914 1025 3954 a
1057 3889 1169 3956 Gellio
1210 3889 1325 3979 prole-

230 4022 319 4070 ctum
350 4001 486 4095 colligat
520 4028 561 4067 ex
584 4002 735 4068 eiusdem
766 4003 817 4067 rei
849 4003 1018 4068 mentione
1056 4001 1114 4068 lib.
1144 4003 1192 4068 lV
1220 4002 1322 4066 sacta:

230 4140 298 4208 quo
333 4117 397 4181 sibi
431 4117 506 4207 ipse
544 4141 587 4180 ne
615 4132 786 4207 repugnet
817 4117 970 4207 scriptor.
1021 4116 1096 4182 Non
1131 4116 1322 4207 ignoremus

229 4229 282 4298 rel
307 4231 343 4295 in
367 4230 428 4296 hos
456 4254 616 4296 numeros
642 4231 865 4320 gravissimum
889 4229 1054 4321 quendum
1080 4228 1325 4295 dubitationem

231 4342 365 4424 cudere,
391 4346 550 4436 quonium
578 4346 636 4435 qui
663 4347 693 4410 ei
719 4368 807 4411 enno
833 4343 894 4409 lib.
909 4346 957 4412 IV
979 4343 1075 4410 simul
1102 4344 1225 4412 adiecti
1245 4369 1325 4412 con-

230 4456 319 4526 sules
345 4477 436 4540 sunt,
472 4461 519 4525 M.
544 4457 668 4525 Atilius
691 4474 724 4524 et
748 4461 783 4523 P.
804 4458 982 4538 Valerius,
1016 4484 1085 4525 non
1108 4459 1190 4526 illuc
1216 4462 1324 4552 pcrti-

228 4589 314 4638 nent
346 4571 406 4638 sed
439 4571 482 4638 ad
516 4599 543 4638 a.
569 4597 678 4639 nxxrn
706 4574 803 4640 Varr.
847 4575 889 4640 Et
913 4574 1030 4639 harum
1066 4575 1205 4666 quidem
1241 4572 1325 4637 ‹litu-

180 4727 182 4731 ·
229 4711 304 4755 rum
342 4713 458 4757 rerum
486 4712 552 4755 nec
588 4703 699 4778 potest
728 4712 807 4754 sune
841 4712 910 4755 non
942 4688 1023 4754 ielsa
1056 4713 1128 4755 esse
1152 4686 1323 4768 alterutra,
