2820 5332
453 669 617 711 ratuvnut
647 667 841 729 accurrate.
919 703 922 712 .
1117 640 1187 710 565

259 836 368 928 Pergit
385 833 548 928 deinceps
575 835 747 906 Callicles:

212 947 378 1027 Minume',
400 954 546 1017 minume
570 951 683 1017 hercle
710 946 803 1016 ve’ro:
830 973 911 1015 nam
936 947 1028 1017 certd
1053 956 1138 1025 seio,
1238 989 1240 995 .

210 1058 339 1132 Locum
371 1089 502 1158 quoque
538 1066 630 1132 illum
655 1089 806 1143 enicem,
841 1058 900 1131 u'bi
928 1068 1048 1145 sitast,
1082 1058 1190 1131 come'-

705 1179 805 1245 derit.

138 1295 183 1367 95
213 1293 323 1394 Quem
336 1289 468 1377 stidore
489 1311 614 1371 metue,
642 1289 790 1361 adnitum
816 1293 938 1360 ncilla
964 1286 1152 1359 exatidiat:

212 1413 265 1480 Ne
291 1435 362 1475 rem
386 1394 491 1502 ipsam
518 1409 685 1502 indaget,
711 1405 825 1476 ditem
844 1408 931 1475 darc
953 1413 987 1473 si
1009 1402 1164 1474 dixerim.

116 1527 182 1596 Vbi
210 1523 301 1619 quod
323 1523 516 1617 vulgabatur
539 1527 616 1592 Neu
642 1530 748 1617 ipsam
774 1549 846 1591 rem
866 1543 1010 1618 propter
1044 1522 1190 1590 elisionis

116 1639 327 1709 insolentiam
361 1639 442 1706 serui
476 1665 576 1733 posse
610 1665 732 1734 negans
767 1641 975 1705 Hermannus
1016 1638 1134 1732 (prael.
1159 1663 1193 1729 p.

114 1753 209 1838 XIV)
232 1757 267 1821 in
291 1756 344 1821 Ne
370 1757 479 1846 ipsam
499 1779 571 1819 rem
597 1755 832 1822 convertebat:
856 1779 930 1820 cum
953 1771 1068 1846 posset
1095 1752 1193 1818 etiam

115 1869 363 1963 transponendo
404 1866 488 1935 illud
526 1867 730 1944 incommodi
770 1870 818 1936 sic
853 1867 972 1936 tollere
1006 1869 1082 1936 Neu
1121 1891 1193 1932 rem

115 1990 230 2078 ipsam.
281 1987 374 2082 Quae
402 1983 576 2052 collocatio
601 1985 777 2051 uerborum
802 2009 877 2052 curu
904 2010 945 2051 ex
969 1983 1192 2049 Ambrosiano

116 2119 149 2168 et
170 2103 296 2168 Vetere
320 2098 514 2192 recipienda
540 2099 649 2179 suerit,
671 2117 782 2166 tamen
809 2125 851 2166 ne
873 2103 920 2166 sic
948 2098 1086 2192 quidem
1113 2121 1190 2177 neu,

118 2215 211 2309 qood
240 2214 320 2281 libri
356 2239 469 2281 omnes
495 2230 614 2281 tenent
639 2215 716 2301 (nisi
742 2213 834 2308 quod
856 2215 890 2280 in
914 2217 1038 2281 Vetere
1066 2231 1115 2280 est
1139 2214 1193 2280 No

116 2333 185 2397 ure
211 2328 444 2424 ipsaei)‚l1abet
469 2332 527 2423 qui
553 2329 761 2397 defendatur.
811 2329 895 2395 Nam
920 2354 987 2397 non
1018 2352 1057 2395 eo
1083 2331 1193 2393 animo

67 2473 69 2477 ·
117 2463 272 2513 metuere
299 2470 333 2512 se
360 2444 478 2512 fodere
504 2444 662 2512 Callicles
686 2443 784 2524 dicit,
809 2469 852 2510 ne
877 2443 944 2510 vel
970 2444 1111 2511 sonitum
1137 2439 1194 2509 illc

116 2560 269 2627 exaudiat
289 2559 355 2626 vel
383 2585 454 2626 rem
480 2561 585 2650 ipsam
610 2559 761 2652 indaget:
789 2583 873 2652 quae
889 2558 1023 2624 minime
1045 2556 1193 2623 diversae

116 2692 192 2741 sunt
206 2674 375 2740 metuendi
394 2699 540 2740 caussae:
556 2673 617 2740 sed
633 2699 676 2740 ne
700 2677 808 2741 sonitu
831 2672 984 2740 exaudito
1006 2697 1078 2738 rem
1097 2669 1194 2737 inda-

117 2808 179 2885 get.
209 2791 254 2855 Vt
274 2791 307 2855 in
334 2789 419 2867 hanc
435 2788 575 2856 formam
597 2787 743 2857 Calliclis
768 2789 930 2855 sententia
956 2787 1060 2854 omnis
1086 2785 1195 2880 redigi

117 2908 236 3000 possit:
258 2905 345 2973 Nolo
364 2930 440 2972 eum
461 2902 614 2971 fodiendi
630 2905 772 2972 sonitum
792 2903 961 2984 exaudire,
986 2927 1039 2982 ne,
1065 2901 1093 2968 si
1111 2899 1195 2967 alte-

116 3047 191 3088 rum
207 3020 291 3087 illud
315 3021 502 3098 accesserit,
525 3018 616 3112 quod
637 3018 748 3086 dotem
761 3044 815 3086 me
833 3017 914 3085 dare
934 3017 1020 3085 velle
1042 3016 1196 3096 dixerim,

117 3160 191 3202 rem
217 3136 274 3203 ille
301 3136 405 3228 ipsam
432 3133 574 3227 indaget.
613 3135 738 3227 Ineptit
764 3151 799 3200 ut
824 3133 974 3201 consulet
995 3131 1196 3198 Lindeman-

118 3276 250 3318 nus.-
265 3251 334 3320 Hos
354 3274 465 3317 versus
488 3249 524 3314 hi
549 3248 647 3343 vulgo
671 3251 840 3342 excipiunt
857 3244 980 3316 'senum
1007 3270 1194 3314 sermones:

215 3387 303 3437 nuo.
334 3367 409 3457 Quo
433 3382 536 3458 pacto
559 3389 643 3455 ergo
668 3365 802 3456 igitur?
829 3387 906 3432 cuc.
934 3364 1021 3430 clam
1046 3363 1109 3430 clos
1134 3361 1195 3428 dc·

703 3484 817 3574 promi
836 3496 964 3573 potest,
1022 3459 1025 3467 ,

220 3599 313 3665 Dum
335 3598 468 3661 occasio
494 3595 572 3662 ltuic
593 3600 646 3662 rei
669 3600 877 3689 reperiatur:
903 3600 1042 3662 interim

213 3711 268 3780 Ab
293 3715 401 3778 amico
427 3710 586 3777 alicunde
608 3729 791 3803 argentam
816 3735 933 3800 rogas.

140 3828 188 3898 30
214 3850 300 3895 uua.
325 3828 443 3895 Potin'
464 3845 515 3893 est
540 3827 583 3892 ab
609 3832 718 3895 amieo
742 3824 902 3890 alicunde
928 3823 1092 3889 exorari?
1119 3841 1196 3887 cAu.

692 3920 826 4032 >potest¹

218 4078 305 4124 ulto.
335 4058 491 4126 Germe:
526 4082 570 4123 na
597 4035 633 4123 tu
659 4054 743 4123 illud
770 4054 904 4121 necdum
929 4071 1081 4121 occulunt
1103 4057 1197 4120 inve·

419 4161 422 4168 ¹
711 4174 824 4239 neris:

219 4284 312 4355 Milti
329 4287 463 4378 quidem
486 4286 599 4353 hercle
620 4307 693 4350 non
717 4301 769 4350 est
794 4284 985 4377 quotidem
1010 4301 1170 4351 mutuum.

221 4423 299 4470 cut.
324 4402 446 4471 Malim
471 4402 584 4469 hercle
609 4418 646 4468 ut
672 4424 786 4468 verum
810 4400 906 4468 dicas
940 4426 1044 4495 mom
1076 4417 1113 4468 ut
1138 4399 1208 4493 dea·

709 4534 870 4584 nuttutun.

219 4655 306 4704 uua.
332 4632 407 4704 Sed
429 4633 506 4702 vide
531 4635 723 4713 consilinm,
748 4638 782 4701 si
797 4634 921 4728 placet.
