2820 5332
446 697 609 739 rntnvuut
637 695 834 742 restrictus
1100 683 1170 752 513

94 866 233 933 stantiae
259 866 446 946 auctoritas,
472 870 645 936 nescio·an
671 869 816 938 futurum
842 873 885 938 sit
910 891 946 939 ut
971 891 1060 941 tanto
1077 900 1175 967 prae-

94 983 180 1052 sidio
218 983 277 1047 tuti
314 1006 384 1049 nou
417 985 582 1052 immerito
615 989 811 1080 impugnare
849 990 946 1054 etiam
973 1014 1030 1056 eos
1062 1016 1175 1059 versus

94 1100 339 1176 existimemur,
375 1099 533 1191 quicum
559 1120 675 1192 suapte
701 1121 817 1170 natura
842 1122 968 1171 cartam
993 1107 1176 1198 interpola-

98 1213 196 1280 tionis
223 1212 447 1303 suspicionem
480 1233 654 1298 moveant‚
698 1234 849 1285 externas
883 1235 996 1286 tamen
1027 1222 1177 1294 noviciae

96 1328 233 1421 originis
258 1345 353 1393 notas
376 1326 483 1394 nullas
508 1328 662 1396 habeant

628 1612 654 1678 Ι.

195 1798 383 1865 Trinummi
409 1799 434 1880 I,
461 1803 494 1883 u,
519 1803 567 1874 39.
589 1827 663 1895 sqq.
697 1801 783 1868 haec
817 1801 918 1869 babes
952 1803 1179 1895 Megaronidis

98 1916 216 1985 rerba:
971 1900 977 1913 i

394 2033 478 2127 quid
502 2037 609 2124 igitur
635 2037 781 2125 rogitas,
808 2051 887 2100 tene
912 2033 1135 2126 obiurgitem?

201 2152 281 2217 Nisi
304 2166 376 2216 tute
401 2150 484 2217 milri
504 2175 557 2214 me
581 2175 697 2215 censes
724 2151 894 2217 dicturum
917 2151 1013 2217 mole.

200 2267 290 2331 Nam
313 2270 345 2330 si
367 2270 462 2331 inte
488 2281 676 2355 aegrotant
700 2282 795 2331 artes
809 2270 984 2358 'antiquae
1009 2281 1102 2342 tuae,

127 2382 175 2450 35
198 2380 278 2447 Sive
303 2386 482 2446 immutare
508 2384 557 2446 vis
582 2385 762 2469 ingenium
788 2379 946 2459 moribus,

198 2491 269 2561 Aut
294 2499 325 2558 si
349 2494 528 2559 demutant
552 2517 664 2560 mores
689 2498 866 2584 ingenium
893 2509 999 2570 tuum,

199 2612 318 2701 Neque
343 2633 400 2674 eos
425 2614 585 2699 antiquos
609 2633 740 2684 serras,
766 2626 819 2674 ast
847 2627 965 2700 captas
986 2633 1106 2686 novos,

201 2723 366 2791 Omnibus
391 2729 510 2791 amicis
535 2723 686 2790 morbum
712 2742 748 2790 tu
775 2729 919 2791 incuties
942 2748 1093 2816 gravem,

201 2844 259 2912 Vt
285 2859 318 2907 te
344 2840 458 2908 videre
484 2841 669 2934 audireque
695 2845 834 2932 aegroti
854 2846 954 2907 sient.

199 2956 372 3023 Haerebat
403 2957 438 3022 in
463 2957 515 3021 his
540 2956 605 3021 iam
630 2954 800 3022 Acidaliae
828 2972 861 3022 et
886 2958 1014 3048 optimo
1040 2952 1181 3050 quidem
1207 2948 1209 2958 ¹

100 3072 174 3137 iure
201 3071 370 3150 haerebat,
397 3071 664 3164 transpositoque
691 3096 719 3139 v.
735 3071 780 3139 35
804 3087 881 3164 post
894 3067 941 3140 36
969 3089 1002 3138 et
1021 3086 1082 3138 aut
1106 3095 1181 3137 mu-

101 3204 167 3254 tato
192 3190 228 3253 in
254 3205 287 3252 et
312 3189 449 3280 putabat
475 3205 509 3254 ct
532 3190 741 3254 sententiam
767 3210 891 3278 vagum
913 3191 1006 3254 necti
1029 3205 1064 3256 et
1088 3186 1181 3256 ταύ-

99 3297 273 3393 τολογίαν
298 3303 398 3369 simul
420 3308 607 3394 castigari,
630 3306 677 3371 sic
704 3302 857 3396 quidem:
895 3304 986 3370 Nam
1018 3309 1050 3371 si
1083 3309 1119 3372 in
1146 3321 1180 3374 to

101 3436 290 3510 aegrotant
316 3455 383 3495 —,
407 3415 460 3487 Ac
484 3423 516 3485 si
540 3417 719 3485 demutant
734 3454 801 3493 -‚
828 3418 907 3486 Sive
934 3423 1180 3494 immutare-,

98 3539 217 3628 Neque
251 3560 308 3601 eos
339 3539 499 3628 antiquos
525 3567 589 3601 -·.
636 3531 838 3603 Bimembris
872 3538 963 3601 enim
995 3538 1039 3602 ait
1066 3539 1180 3602 oratio

99 3676 191 3718 nunc
216 3669 250 3718 et
276 3676 395 3717 sensus
420 3655 470 3717 sic
494 3649 709 3743 disparatus:
741 3655 812 3717 siue
843 3649 951 3717 seculi
974 3650 1071 3716 buius
1097 3675 1180 3717 con·

99 3772 197 3856 tegio
221 3769 328 3833 malus
354 3766 483 3842 evadis,
508 3772 578 3833 sive
602 3785 724 3858 sponte
750 3791 773 3831 a
797 3766 895 3832 bonis
911 3765 1078 3832 desciscis.
1112 3747 1179 3833 Cu-

100 3886 152 3946 ius
180 3884 361 3949 membrum
379 3887 476 3974 prius
497 3887 632 3973 priores
657 3882 724 3947 duo
761 3905 896 3956 uersus,
929 3879 1077 3945 alterum
1105 3878 1176 3946 duo

97 4002 307 4090 posteriores
333 3999 611 4090 complectuntur.
676 3996 744 4063 Sed
776 4020 820 4062 ne
847 3996 913 4062 hoc
937 3993 1075 4087 quidem
1100 3995 1179 4061 arti-

99 4113 176 4180 ficio
212 4112 281 4178 ullo
323 4114 424 4180 modo
459 4114 556 4181 nobis
588 4112 709 4178 satisfit
778 4111 1007 4178 inficetissime
1042 4111 1181 4176 iteratur

99 4246 231 4295 mutare
248 4229 403 4313 verbnm3
431 4226 585 4320 languida
602 4245 651 4293 est
668 4225 793 4293 locutio
815 4230 994 4292 immutare
1011 4227 1087 4311 vis3
1112 4248 1179 4293 uon

104 4364 315 4436 exspectatur
339 4349 421 4419 sive,
446 4343 509 4411 sed
535 4361 595 4409 aut
621 4340 783 4434 particula
805 4339 847 4408 de
873 4340 1024 4408 Plautino
1043 4339 1179 4435 quidem

100 4484 169 4524 usu.
220 4458 355 4525 Deinde
383 4460 465 4551 quid
490 4463 550 4525 ista
575 4460 639 4525 sihi
664 4457 786 4525 locutio
809 4455 901 4537 velit,
926 4459 1104 4524 immutare
1127 4460 1181 4523 uu·

99 4578 239 4666 genium
272 4574 486 4650 moribus,
524 4573 613 4638 haud
647 4573 745 4640 facile
777 4573 954 4666 expedias3
998 4571 1181 4640 dicendum

102 4708 172 4758 erat
198 4689 395 4784 simpliciter
420 4708 476 4757 ant
500 4695 677 4757 immutare
701 4713 813 4757 morea
836 4706 893 4757 aut
925 4691 1102 4757 immutare
1128 4692 1182 4756 in·

938 4804 984 4877 33
