2820 5332
411 687 659 732 uosrnuuaaua
687 689 881 733 ruiramus.
1103 662 1173 736 483

256 865 288 929 0
302 862 533 957 'carnuficium
555 863 711 945 cribrum,
737 865 829 958 qrtod
850 864 952 931 credo
970 868 1079 952 fore:

251 980 312 1044 Itu
341 996 374 1043 te
387 979 564 1065 forabunt
585 978 813 1072 patibulatum
835 1005 899 1073 per
924 985 995 1048 uias

253 1093 418 1170 Stimulis,
442 1100 474 1159 si
498 1094 562 1160 leue
587 1102 742 1162 reveniat
766 1121 890 1162 senex:

106 1209 225 1275 horum
252 1228 438 1276 extremum
472 1236 627 1278 versuum
648 1230 685 1278 ut
710 1215 899 1304 interpretis
925 1211 1183 1278 additamentum

108 1322 215 1390 deleri
240 1325 375 1391 Bothius
400 1326 501 1392 iussit.
552 1324 620 1392 Sed
644 1353 719 1393 oum
745 1328 779 1391 in
790 1328 914 1394 Vetere
941 1327 1015 1395 cod.
1041 1326 1184 1392 stinutlis

108 1440 191 1506 sita
218 1464 316 1506 mauu
340 1465 418 1519 seo,
446 1467 464 1506 a
489 1444 598 1533 prima
623 1441 724 1509 fuerit
747 1444 914 1524 stimuliis,
937 1445 1010 1536 quis
1037 1463 1085 1510 est
1102 1445 1183 1535 quin

111 1556 146 1619 in
174 1581 212 1621 ea
237 1557 401 1647 scriptura
434 1556 598 1622 stimuleis
631 1557 828 1625 adiectivum
860 1557 962 1625 latere
996 1561 1184 1650 perspiciat,

113 1669 207 1762 quod
233 1669 353 1760 legitur
379 1673 477 1738 etiam
501 1672 598 1739 Mitis
624 1673 666 1752 ΙΙ,
693 1671 806 1753 6,31;
840 1677 919 1740 Nisi
949 1675 1034 1738 ntilzi
1061 1673 1210 1766 suppli-¹

55 1841 57 1845 ,
109 1789 197 1850 oium
212 1785 402 1851 stimuleum
423 1786 465 1872 de
480 1803 513 1852 te
528 1787 652 1853 datur:
677 1812 879 1881 mansosque
900 1812 1058 1855 numeros
1082 1789 1184 1855 ascito

111 1901 312 1968 substantivo
335 1901 545 1994 supplendos
572 1927 643 1970 esse
669 1903 869 1973 coucedati·
903 1903 1127 1972 scribendum
1152 1904 1186 1970 ni
1241 1935 1243 1939 ⁷

110 2015 227 2096 fallor,

257 2109 431 2183 Stimu'leis
455 2112 609 2198 terebris,
635 2111 700 2184 luie
724 2122 756 2184 si
779 2113 934 2184 revenicit
956 2138 1072 2182 senex.

115 2229 406 2314 Quemadmodum
432 2233 520 2298 enim
546 2256 622 2299 eum
639 2231 815 2300 scribendi
834 2234 940 2301 verbo
956 2232 1061 2298 iunxit
1085 2245 1187 2322 poeta

113 2345 209 2411 stilos
232 2346 359 2413 ulmeos
382 2345 501 2413 Pseud.
527 2349 553 2429 1,
568 2350 601 2428 5,
618 2352 676 2427 32,
703 2373 779 2415 oum
805 2346 945 2414 bibendi
966 2349 1101 2412 notione
1124 2369 1188 2436 po-

114 2465 243 2526 tionem
265 2466 420 2527 iuneeam
443 2461 547 2530 Stich.
575 2464 632 2542 IV,
659 2467 692 2543 2,
719 2461 776 2543 56,
804 2480 836 2528 et
860 2464 888 2528 si
914 2486 1002 2553 quae
1026 2459 1089 2525 alia
1112 2459 1190 2525 lusit

114 2575 275 2656 similiter,
298 2577 341 2642 ita
368 2577 541 2642 stimuleos
560 2576 713 2644 terebros
739 2574 866 2644 rettulit
891 2572 1096 2661 adserendi
1108 2598 1191 2666 ope-

113 2718 198 2759 ram:
236 2716 303 2784 quo
332 2693 421 2759 euim
445 2693 509 2760 alio
537 2696 755 2762 instrumento
790 2693 889 2759 forari
913 2691 1023 2757 cribra
1046 2688 1190 2779 cogites?

1081 2795 1096 2824 u

113 2848 223 2914 Versu
253 2867 361 2915 autem
392 2849 501 2941 primo
528 2848 765 2937 euruuficium‚
804 2873 866 2939 pro
899 2869 964 2939 quo
993 2842 1191 2935 carnificum

116 2961 232 3044 codd„
265 2963 503 3056 carnficiuum
531 2963 698 3058 Scaliger,
724 2981 816 3031 recte
841 2963 963 3030 sactum
990 2980 1026 3027 nt
1047 2957 1190 3053 pontfi-

119 3099 201 3143 otus.
388 3166 393 3173 ἡ

215 3193 325 3265 Solius
362 3213 469 3262 autem
498 3194 779 3289 interpretationis
811 3218 875 3287 ope
908 3218 982 3261 eum
1018 3189 1079 3258 alia
1110 3215 1193 3284 per-

116 3312 218 3379 multa
244 3310 455 3406 expedienda
480 3330 565 3392 sunt,
593 3322 678 3404 quae
702 3312 735 3376 in
758 3310 978 3402 suspicionem
995 3325 1119 3374 temere
1135 3329 1193 3373 vo-

118 3445 243 3510 carunt,
269 3447 337 3495 tum
362 3430 397 3494 in
423 3426 625 3507 Mostellaria
647 3422 853 3492 defendendi
875 3426 943 3506 Li,
969 3450 1016 3491 vv.
1044 3425 1086 3490 10
1102 3445 1191 3516 sqq.:

263 3549 376 3638 Atque
398 3540 462 3611 ho'c
486 3542 579 3609 haud
604 3536 737 3609 uidetur
762 3531 833 3607 veri
859 3525 966 3606 simile
993 3535 1102 3606 vo'bis:

262 3656 312 3728 At
337 3683 401 3750 ego
432 3655 471 3726 id
484 3663 624 3746 fusium
649 3663 700 3725 ita
724 3651 796 3723 e'sse
817 3670 861 3722 'ut
887 3654 1044 3722 credu'tis.

264 3770 430 3863 Profe'cto
456 3800 528 3842 esse
551 3779 623 3851 itu,
667 3767 704 3839 ut
726 3768 913 3865 praedico,
949 3794 1029 3836 uera
1055 3759 1190 3833 uincam

709 3897 735 3937 e.
765 3898 797 3962 q.
823 3896 847 3935 s.

119 3991 268 4072 Quorum
294 3989 437 4054 medium
466 3989 522 4053 ubi
548 3985 727 4064 sustuleris,
750 3984 808 4076 qui
831 3979 962 4049 tundent
989 4005 1105 4046 calere
1131 3976 1192 4043 ad-

117 4100 273 4171 versandi
298 4102 459 4194 particula
486 4102 716 4195 potuerimus?
775 4096 959 4191 Diligenter
993 4113 1102 4161 autem
1135 4119 1190 4161 ca-

118 4218 286 4297 vendum,
317 4244 359 4284 ue
392 4244 466 4286 crum
494 4218 615 4310 apertis
642 4215 864 4308 glossematis,
898 4238 983 4305 quae
1016 4213 1051 4276 in
1077 4234 1190 4277 versus

119 4336 260 4401 sormam
285 4335 446 4413 abierunt,
474 4360 511 4400 ea
537 4331 688 4424 exempla
715 4331 956 4398 confundantur
967 4330 981 4405 ,'
1000 4351 1074 4394 cum
1100 4326 1190 4392 simi·

116 4452 204 4518 libus
231 4452 352 4529 verbis,
379 4449 440 4515 sed
464 4450 503 4516 iis
530 4450 628 4515 etiam
653 4448 854 4527 fortioribus,
882 4444 998 4512 eadem
1024 4445 1190 4511 sententia

119 4593 186 4633 non
224 4570 386 4660 repetitur
412 4567 521 4658 potius
549 4590 648 4656 quam
679 4561 862 4629 intenditur
901 4578 934 4628 et
959 4560 1189 4627 confirmatur:

116 4683 151 4751 id
179 4682 269 4777 quod
291 4683 325 4747 in
351 4679 445 4748 illum
469 4683 578 4774 ipsum
593 4704 725 4749 versum
748 4676 835 4745 cadit
860 4694 895 4745 ut
920 4674 1012 4770 quod
1037 4674 1189 4754 maxime,
