2820 5332
415 768 665 812 nosratttatte
695 769 885 815 rcuvrtutn.
1112 746 1185 823 459

214 963 272 1007 ru.
298 936 500 1028 Dic[etlum,
523 959 556 1007 tc
578 938 743 1020 obsecro,
771 940 817 1010 mt'
841 942 960 1032 Simu]
988 941 1185 1037 quid[nom]

599 1058 637 1124 id
657 1057 772 1145 πῖθ’)

106 1169 212 1235 Vides
237 1188 303 1236 tarn
329 1173 519 1240 necessario
545 1175 605 1241 hos
633 1199 746 1242 omnes
772 1198 942 1242 sermones
957 1176 1045 1243 inter
1060 1200 1096 1242 se
1116 1176 1188 1242 vin-

107 1286 181 1353 culo
206 1288 347 1352 invicem
384 1312 552 1355 connexos
580 1316 671 1371 esse,
710 1309 747 1357 ut
778 1291 870 1358 nullo
905 1313 1002 1384 pacto
1040 1291 1188 1382 dirumpi

105 1404 277 1468 interiecta
315 1404 542 1496 Theutopitlis
585 1406 817 1475 inclamatione
855 1410 1102 1500 Tranionisque
1133 1431 1188 1472 re-

105 1541 230 1608 sponso
257 1521 393 1609 possint.
460 1520 502 1586 Et
538 1537 573 1585 ut
607 1525 754 1613 potuisse
784 1522 992 1616 interpellari
1014 1521 1190 1615 largiamur

104 1634 215 1723 potius
249 1659 347 1724 quam
375 1634 615 1702 concedamus:
652 1639 752 1703 atita
784 1641 841 1731 qui
875 1639 1012 1704 tandem
1042 1638 1115 1720 fiat,
1152 1656 1189 1706 ut

106 1748 190 1811 nilril
218 1773 343 1830 eorum,
370 1776 455 1842 quae
479 1752 567 1816 inter
592 1777 723 1818 servum
750 1771 782 1817 et
808 1779 901 1819 erum
921 1773 1067 1846 agantur,
1093 1754 1185 1821 Simo

110 1862 362 1953 animadvertat,
395 1866 447 1932 vel
473 1867 499 1932 si
534 1868 821 1948 animadverterit,
857 1892 925 1935 non
951 1866 1188 1961 aliquomodo

116 2027 406 2044 *Ἦ

164 2105 190 2169 “)
209 2102 290 2154 Versu
308 2100 341 2151 31
360 2108 389 2150 nt
405 2098 505 2167 aliquid
525 2101 653 2151 excidisse
670 2101 804 2165 credatur,
832 2109 859 2152 et
876 2103 974 2152 numeri
993 2101 1108 2170 llagitaut
1125 2114 1190 2153 sana

213 2205 239 2247 et
257 2196 400 2246 sententia:
423 2194 468 2246 sed
490 2197 572 2262 potuit
590 2195 615 2246 id
631 2196 763 2263 aliquanto
781 2197 863 2247 miuus
880 2212 948 2248 esse.
983 2175 1045 2248 llain
1058 2197 1106 2248 etsi
1122 2196 1190 2248 ller-

211 2293 297 2342 manui
315 2292 458 2342 auctoritati
478 2291 527 2342 boc
546 2292 687 2356 tribuimus,
706 2301 734 2343 ut
751 2301 911 2344 tetrametros
930 2308 1007 2359 supra
1027 2291 1188 2344 describere·

215 2404 290 2451 mus,
319 2395 403 2438 nmen
424 2388 449 2438 id
468 2389 501 2438 ita
521 2396 616 2439 tautum
641 2389 770 2453 secianus,
802 2397 830 2438 ut
848 2404 925 2455 posse
942 2396 1100 2439 tetrametros
1121 2403 1190 2453 esse,

214 2498 265 2533 uon
282 2490 310 2532 ut
329 2497 379 2532 uon
400 2497 478 2548 posse
495 2498 546 2532 uon
568 2499 627 2533 csse
644 2484 857 2551 significaremus.
893 2483 921 2534 lu
935 2490 1053 2549 promptu
1067 2491 1108 2533 cst
1121 2484 1190 2534 euim

214 2577 246 2626 (lo
264 2575 345 2627 altero
367 2576 411 2626 illo
431 2593 550 2628 versuum
571 2593 667 2644 genere
686 2580 816 2644 cogitare,
846 2577 947 2646 quode
967 2577 1075 2627 dimetro
1094 2578 1190 2628 cretico

215 2681 240 2722 et
257 2672 366 2738 tripudia
386 2671 514 2722 trochaica
534 2671 685 2723 catalectico
705 2674 873 2739 compositum
895 2674 973 2723 toties
998 2674 1025 2723 in
1046 2672 1095 2723 bac
1111 2687 1191 2724 scena

213 2769 315 2818 creticis
335 2769 487 2818 tetrametris
505 2769 608 2818 mixtum
629 2776 677 2820 est.
723 2770 808 2836 Atque
825 2769 857 2819 ad
874 2768 941 2819 lianc
958 2768 1065 2820 sormam
1087 2783 1190 2821 versum

217 2864 318 2932 quidem
339 2864 372 2916 ot
393 2863 471 2932 leuge
489 2865 553 2915 adeo
574 2864 732 2930 probabilius
751 2865 932 2915 revocaveris:

248 2962 327 3024 (mum
345 2976 384 3010 me
402 2958 500 3010 laudus.
538 2960 587 3011 Tll.
607 2960 677 3011 dccet
696 2965 771 3012 ee'rtc.
809 2960 852 3011 Sl.
876 2960 923 3031 [at]
944 2957 1090 3010 berchta:

216 3070 272 3105 nam
292 3054 373 3105 babeo
392 3057 418 3104 iu
440 3054 511 3105 libris
531 3054 643 3105 additum
663 3054 726 3106 nulli
745 3056 802 3105 usui
823 3063 880 3105 ost:
906 3053 1018 3105 additum
1033 3061 1060 3105 ut
1078 3060 1140 3120 puto
1157 3052 1190 3104 ab

214 3151 373 3216 interprete,
395 3151 438 3216 qui
458 3149 507 3200 boe
524 3165 540 3200 a
560 3151 664 3202 Simone
682 3151 738 3200 sive
758 3150 809 3201 dici
827 3151 884 3202 sivo
902 3149 1036 3201 dicendum
1056 3149 1137 3200 luisse
1155 3148 1191 3201 si·

215 3246 339 3313 gnificaro
358 3244 459 3296 vellet:
478 3254 502 3297 ta
520 3245 589 3296 huual
607 3246 813 3297 bonum-amour
830 3247 919 3297 labeo.
947 3245 1015 3316 (Non
1033 3243 1191 3311 probabilius

218 3340 267 3390 boc
285 3348 399 3402 tantum,
417 3340 462 3390 scd
480 3341 670 3391 necessarium:
697 3341 798 3409 quaudo
816 3343 842 3391 iu
859 3341 947 3391 ultimo
966 3340 1032 3407 pede
1052 3342 1095 3391 vix
1114 3353 1192 3406 posse

217 3435 325 3487 mediam
342 3434 467 3500 syllabam
485 3433 594 3511 longam·
614 3434 718 3486 delendi
737 3436 894 3487 llermaunus
920 3436 1039 3504 monuit.)
1074 3466 1107 3476 -
1137 3433 1192 3486 Noc

216 3530 347 3581 difficilius
369 3530 458 3580 eadem
477 3530 555 3580 forma
576 3531 674 3581 restitui
697 3531 812 3596 proximo
831 3531 916 3582 versui
936 3531 1047 3598 poterit:

254 3627 323 3677 itaut
341 3626 432 3675 bonatus
452 3630 524 3676 teneo
545 3612 649 3677 servom.
689 3626 751 3695 [Tit.
772 3627 884 3690 obsecro,
907 3628 967 3695 quiri
984 3626 1057 3696 call]

218 3723 250 3773 de
269 3737 320 3790 quo
342 3729 425 3772 taruen
452 3736 555 3786 prorsus
581 3720 727 3788 ambignum
754 3720 889 3772 iudicium:
919 3734 971 3772 uon
996 3724 1056 3772 item
1078 3730 1193 3773 extremo

216 3820 328 3885 poterit,
357 3818 417 3885 quia
436 3818 471 3868 ita
490 3818 533 3868 vix
554 3815 608 3868 ullo
628 3816 704 3869 modo
721 3817 839 3884 dactylus
857 3817 978 3869 vitabitur
1004 3831 1052 3884 pro
1071 3817 1193 3869 trochaeo

137 3960 140 3975 ,
214 3917 324 3982 positus,
342 3912 415 3964 velut

254 4010 399 4083 Dic[edum,
418 4017 442 4060 tc
460 4009 572 4072 obsecro,
592 4008 657 4075 quiid
673 4007 772 4079 solet]
798 4006 879 4072 quid
903 4006 940 4056 id
970 4006 1026 4058 cat?

218 4104 337 4154 Ceterum
354 4118 386 4154 eo
406 4118 483 4154 versu
502 4118 579 4170 supra
597 4103 727 4169 posuimus
750 4100 819 4167 quod
847 4099 1064 4166 simplicissimum
1082 4097 1193 4150 videba-

219 4208 268 4250 tur.
318 4197 483 4250 l'otucramus
513 4201 606 4249 etiam:
636 4198 686 4248 Dic
712 4196 816 4269 (modo,
833 4196 884 4246 nisi
903 4196 949 4247 tibi
964 4195 1191 4266 incommodatura]

220 4294 341 4361 quidnam
357 4294 384 4344 id
404 4294 461 4345 cst?
496 4294 558 4345 liant
577 4291 714 4344 camerarii
735 4290 837 4357 quidem
857 4289 962 4358 languet
980 4291 1125 4341 inventurn:
1143 4291 1195 4343 oto

221 4390 320 4456 [lytlan
339 4388 404 4454 qaod
420 4389 484 4440 solet
499 4390 568 4459 ficri]
588 4406 611 4456 q.
631 4389 649 4437 i.
662 4403 704 4437 a:
725 4400 774 4436 nec
791 4385 842 4436 lert
861 4385 937 4438 talem
954 4386 1134 4454 repetitionem
1151 4386 1195 4439 in·

217 4482 289 4534 doles
318 4481 442 4534 Plautina.
491 4482 610 4536 Ceterum
632 4482 746 4534 &cedam
772 4479 851 4532 babes
880 4482 945 4534 llud.
965 4481 1053 4563 tv,·t,
1074 4479 1147 4532 112·
1162 4510 1196 4522 -

222 4579 286 4630 Sunt
304 4586 388 4629 autem
409 4577 473 4630 haec
492 4580 577 4630 omnia
596 4587 687 4645 suapte
706 4587 795 4629 natura
815 4579 921 4630 incerta.
971 4577 1007 4629 Vt
1031 4593 1129 4628 rursum
1148 4575 1197 4626 do-

219 4673 321 4725 lendum
342 4674 375 4724 sit
392 4675 417 4724 iu
437 4674 484 4726 bac
502 4689 605 4742 quoque
622 4673 784 4726 ambrosiani
804 4675 906 4740 pagiua,
923 4689 991 4741 quau
1009 4671 1054 4735 111,
1075 4672 1145 4735 2,17
1163 4670 1194 4724 ad

216 4770 250 4821 34
270 4770 361 4832 tenuit,
380 4767 457 4823 bodie
475 4784 603 4822 acanum
625 4768 727 4838 quidem
744 4769 851 4821 verbum
869 4767 921 4837 legi
940 4782 1026 4837 posse.
