2820 5332
467 640 630 683 ‘rutuvuut
660 643 850 685 scismata.
1124 620 1194 690 559

117 813 253 879 cessisse
280 810 486 887 videbimur,
512 812 538 874 si
566 836 631 874 unu
661 810 791 877 (luobus
816 811 917 891 locis,
946 811 1006 878 sed
1034 838 1099 880 stato
1126 833 1197 881 tatt-

117 945 184 992 tum
218 925 345 1020 aliquot
378 924 502 991 voculis
537 926 667 990 insertis
702 925 849 991 mutilam
891 946 924 993 et
957 929 1136 995 ouationem
1165 949 1198 997 el

62 1061 64 1069 ’
114 1044 309 1107 seutentiam
338 1059 371 1106 et
398 1065 585 1104 mensnram
612 1030 660 1106 sic
686 1040 972 1132 suppleverianus:
1005 1065 1199 1134 quanquam

115 1157 249 1222 labores
284 1157 406 1221 multos
439 1154 480 1219 ob
513 1181 585 1221 rem
616 1174 650 1221 et
685 1155 809 1222 liberos
849 1153 1015 1243 [absentis
1041 1163 1108 1224 ntct'
1129 1158 1195 1248 eri]

115 1298 189 1337 eum
215 1298 279 1362 ago
308 1275 432 1362 cepisse
459 1296 596 1336 censeo:
624 1297 697 1336 nain
723 1270 826 1336 multo
852 1271 935 1337 adeo
958 1272 1141 1363 simplicius
1166 1291 1199 1340 et

117 1390 151 1453 in
177 1414 289 1454 rerum
320 1387 490 1452 veritatem
520 1388 769 1453 convenientius
785 1411 839 1451 res
865 1403 901 1451 ct
926 1385 1026 1453 liberi
1047 1392 1100 1454 cri
1120 1413 1201 1456 con·

40 1501 50 1523 ⁹
116 1502 235 1570 crediti
263 1502 361 1567 luisse
388 1500 520 1567 Callicli
549 1499 715 1580 dicuntur,
742 1528 839 1594 quam
867 1526 922 1567 rcs
945 1505 998 1567 eri
1022 1520 1056 1566 et
1077 1501 1201 1569 libero·

115 1643 198 1684 ratu.
216 1653 261 1664 -
287 1616 444 1682 Ceterum
471 1641 560 1681 suam
588 1642 743 1682 versuum
770 1615 1025 1684 collocationem
1039 1619 1202 1687 Herman-

116 1759 177 1799 nus
205 1759 244 1796 ex
271 1733 308 1797 iis
336 1731 431 1797 libais
448 1733 564 1810 hausit,
592 1735 647 1824 qui
668 1734 895 1798 ereceusione
916 1731 997 1799 Itala
1020 1733 1199 1801 fluxerunt:

118 1847 229 1916 sedis
256 1866 367 1914 tamen
392 1872 458 1913 nou
487 1873 523 1912 se
552 1847 655 1938 dicipi
680 1873 795 1938 passus
823 1873 871 1924 co,
900 1872 966 1940 quo
987 1847 1122 1940 decepti
1137 1851 1202 1915 Bu-

119 1965 204 2030 thius
232 1981 266 2029 et
285 1962 531 2029 Lindemaunus
558 1964 763 2054 apertissima
790 1964 923 2055 uestigia
942 1963 1099 2028 binorum
1126 1989 1201 2031 sei·-

115 2105 208 2145 suum
236 2080 271 2143 in
296 2077 501 2171 singulorum
525 2080 676 2170 speciem
699 2096 944 2144 contraxerunt
1013 2081 1097 2146 Nam
1119 2105 1200 2164 ‘cum

115 2194 234 2260 mediis
269 2192 468 2287 quibusdam
503 2194 745 2286 praetermissis
781 2195 815 2258 in
850 2193 903 2259 cd.
930 2194 1201 2288 p1·inc.·legatu1·

116 2335 311 2405 quiunquam
337 2302 471 2375 labores
498 2309 619 2374 maltos
645 2307 687 2374 ab
713 2334 785 2375 rem
810 2334 885 2374 eam
912 2315 1038 2402 cepisse
1064 2335 1199 2387 censeo,

117 2429 153 2491 iu
178 2427 343 2518 Lipsiensi
372 2445 479 2491 atatem
508 2425 581 2492 cod.
607 2427 739 2490 brevius
767 2427 863 2490 etiam
897 2448 927 2514 q.
951 2425 972 2490 l.
999 2426 1120 2491 multos
1147 2451 1201 2492 ce-

64 2626 74 2647 l
115 2545 205 2632 pisse
233 2564 373 2614 censeo,
398 2537 503 2604 valde>
521 2539 599 2605 exili
623 2540 728 2604 souma
753 2540 937 2607 sententiae
965 2539 1025 2607 hos
1050 2539 1100 2607 illi
1126 2566 1201 2609 vei·-

118 2681 173 2721 sus
200 2655 377 2722 commenti
400 2672 476 2719 sunt
500 2653 744 2722 infelicissime:

221 2789 425 2879 Quanquam
451 2785 583 2851 labores
610 2787 732 2851 multos
760 2810 855 2878 cepse
888 2810 1027 2853 censeo:

120 2923 153 2970 et
219 2903 444 2993 Quamobrem
472 2901 606 2967 labores
631 2928 707 2968 eam
733 2907 859 2995 cepisse
886 2926 1021 2968 censeo.

218 3018 304 3085 Nolo
331 3017 471 3110 reliquis
498 3019 632 3108 ineptiis
659 3016 879 3084 Lintlemauui
904 3019 1092 3096 immorari,
1126 3044 1202 3084 cum

120 3135 161 3201 ad
189 3136 368 3200 satietatem
396 3160 475 3199 saue
504 3135 672 3225 exagitatis
704 3131 843 3199 aliorum
879 3134 1050 3200 erroribus
1077 3151 1202 3200 tantuin

121 3255 182 3317 iam
205 3253 314 3316 bonae
342 3266 374 3313 et
400 3274 522 3341 operae
553 3266 585 3314 et
613 3249 743 3313 chartae
758 3248 986 3340 perdiderim:
1010 3273 1108 3312 unum
1137 3249 1202 3314 hoc

120 3391 187 3430 non
210 3389 346 3456 possum
371 3366 451 3455 quin
478 3364 625 3427 brevitet·
650 3365 880 3456 perstringam,
904 3362 993 3456 quod
1018 3365 1202 3453 incogitan-

123 3499 173 3546 tei·
209 3481 433 3545 Camelarium
471 3496 603 3544 secutus
634 3478 764 3544 Stasimi
801 3481 984 3547 ouationem
1010 3503 1077 3576 non
1104 3503 1202 3570 posse

120 3623 184 3663 non
213 3600 379 3662 ironicam
414 3618 484 3659 esse
519 3592 618 3657 dixit:
664 3593 806 3660 necdum
831 3596 917 3661 enim
952 3596 1037 3661 scine
1071 3618 1201 3658 servum

121 3738 239 3804 posse,
272 3739 370 3803 quant
397 3736 514 3774 revera
545 3708 628 3774 fidus
657 3708 813 3778 Callicles
839 3710 944 3774 luerit.
996 3709 1083 3799 Ergo
1112 3707 1201 3774 unde

122 3828 253 3893 taudem
291 3826 487 3911 Charmides
515 3828 592 3904 scit,
629 3829 719 3891 cuius
755 3851 829 3890 cum
858 3821 995 3890 Callicle
1031 3846 1202 3888 sennones

121 3969 234 4008 nautes
259 3944 414 4009 Stasimus
442 3940 568 4008 audiit?
619 3939 680 4006 Ille
708 3941 815 4018 enim,
843 3964 917 4004 cum
945 3955 1020 4030 post
1045 3963 1135 4003 suam
1161 3936 1202 4004 il·
1264 3939 1270 3951 '

122 4057 185 4122 lam
213 4055 483 4123 exclamationem
511 4083 538 4120 v.
567 4059 589 4123 ‘2

222 4173 252 4237 0
280 4171 455 4251 Callicles,
481 4195 501 4235 o
529 4169 699 4242 Callicles,
726 4190 746 4230 o
776 4167 948 4241 Callicles‚·

223 4286 371 4376 Qualiue
396 4291 504 4351 amico
532 4311 607 4350 mea
629 4281 864 4349 consulendam
887 4281 995 4349 bona!

127 4401 274 4472 Calliclis
297 4402 361 4467 hoe
386 4426 581 4493 responsum
610 4401 753 4468 tulisset:

219 4512 333 4584 Probo
360 4530 394 4581 ct
407 4514 513 4606 fideli
536 4515 664 4607 atfldo
691 4532 821 4580 etcum
845 4538 973 4604 magua
987 4515 1075 4608 fide.

221 4634 266 4700 Et
291 4632 384 4696 salua
407 4649 441 4695 et
462 4631 589 4700 saluom
613 4648 646 4696 ta
672 4630 850 4699 edocuisse
872 4632 1032 4722 genedea:
1056 4664 1060 4672 -
