2820 5332
1084 439 1089 450 ι

36 481 38 492 ι

155 751 213 821 dii
396 775 415 812 t.
443 773 485 817 nn
515 770 629 814 totvm
659 769 786 813 nosris
816 769 1005 813 ιιοιιιιιιιις.

440 966 444 971 ·
480 939 618 1007 ‘Plutus
640 937 814 1029 appellunt
837 935 957 1005 Vmbri
974 934 1117 1027 pedibus
1139 935 1255 1026 ploni}

102 1075 104 1080 ·
167 1080 191 1147 q
208 1051 259 1138 J'.
273 1053 365 1121 unde
377 1070 412 1119 et
423 1053 534 1118 soleas
546 1051 757 1127 dintidiatas,
778 1049 868 1143 quiin
881 1067 1025 1115 utuntur
1037 1053 1073 1114 itt
1088 1046 1252 1114 uenando

166 1194 232 1262 quo
269 1170 407 1261 plonius
437 1167 565 1258 ‘pedem
596 1183 756 1257 ponant,
798 1181 926 1230 uocant
958 1164 1180 1256 semiplotia,
1218 1177 1253 1231 et

167 1309 188 1353 o
219 1290 325 1375 ¹pprio
365 1287 503 1348 nomine
529 1284 609 1368 soit
643 1282 680 1348 Τ.
711 1277 860 1349 Mattius
880 1295 999 1370 poeta,
1020 1281 1101 1370 quia
1127 1273 1255 1349 Vmber

166 1398 330 1465 Sorst'nas
386 1413 482 1476 erat,
544 1419 567 1458 a
620 1393 746 1485 pedum
797 1392 943 1485 planitie
1005 1397 1106 1460 initio
1170 1392 1254 1461 Pto-

167 1530 234 1588 tus,
258 1519 380 1604 postea
406 1509 551 1578 Plautus
577 1525 714 1600 coeptus
739 1523 791 1574 est
815 1507 894 1574 diei.

165 1628 214 1692 ita
240 1624 325 1693 illud
351 1624 448 1692 simul
475 1623 693 1717 significatur,
726 1621 818 1714 quod
853 1645 967 1688 verum
991 1643 1063 1687 esse
1091 1622 1252 1686 taciturna

164 1757 302 1806 testatur
326 1763 389 1806 vos
414 1737 628 1829 antiquitatis,
654 1738 719 1801 iam
745 1735 925 1828 uutiqfflus
941 1732 1269 1828 ,oblivioneobrutn

164 1853 372 1947 reliquorum
410 1852 582 1919 nominum
618 1850 778 1917 memoris
816 1847 925 1919 solum
957 1848 1030 1915 iere
1067 1871 1253 1942 cognomen

164 1977 373 2061 posterorum
402 1992 462 2034 usu
488 1964 679 2032 invaluisse·
755 1965 757 1969 ’

662 2230 690 2322 s·
713 2236 745 2349 ss

247 2439 373 2513 *Vnum
400 2461 512 2524 restat
540 2462 575 2510 ιιι
600 2443 729 2537 quale
754 2446 797 2512 sit
820 2439 976 2513 Maccius
1000 2469 1123 2512 nomen
1141 2444 1252 2538 expli·

165 2579 269 2630 uetur.
322 2559 420 2643 Quod
448 2585 523 2626 cum
548 2582 615 2627 non
642 2557 776 2625 differre
801 2586 819 2624 a
845 2562 992 2625 Mattius
1008 2562 1140 2626 numine
1161 2559 1254 2628 offir-

165 2699 308 2756 mamus,
341 2694 473 2765 praesto
510 2693 560 2740 est
583 2670 708 2740 Accius
732 2690 766 2739 et
786 2671 903 2739 Attius
929 2674 1110 2740 formarum
1135 2674 1252 2740 simili-

163 2789 255 2870 tudo,
279 2813 360 2882 quns
388 2787 524 2880 quidem
553 2812 621 2855 non
647 2789 719 2852 unis
745 2783 901 2868 librariis,
937 2807 972 2855 ut
996 2789 1040 2854 nit
1065 2787 1251 2877 Madvigius

164 2903 289 2995 Opusc.
317 2929 349 2996 p.
368 2901 429 2983 96,
455 2901 607 2969 eiusdem
631 2925 704 2967 esse
726 2902 870 2968 nominis
897 2900 1018 2967 somnae
1042 2919 1169 2969 constet
1188 2927 1253 2969 una

167 3040 242 3081 eum
266 3017 359 3081 tertia
385 3011 522 3094 Actius,
561 3015 623 3082 sed
654 3015 695 3081 ab
730 3015 811 3106 ipsis
842 3016 1011 3081 veteribus
1033 3017 1105 3082 sine
1133 3015 1252 3083 discri-

164 3130 255 3195 mine
282 3143 455 3220 usurpatus
488 3150 563 3192 cum
596 3126 725 3217 lapides
752 3145 925 3208 testantur,
951 3145 1022 3194 tum
1050 3154 1109 3196 eae
1135 3129 1253 3223 dispu-

164 3243 301 3309 tationes
328 3240 453 3308 docent
478 3265 559 3333 quas
585 3241 798 3308 Weichertus
824 3240 868 3307 de
894 3243 931 3307 L.
958 3244 1059 3310 Vario
1084 3261 1116 3309 et
1135 3244 1251 3310 Cassio

163 3357 334 3423 Parmensi
362 3381 393 3447 p.
421 3361 442 3430 9
470 3379 520 3446 sq.
547 3356 827 3421 commemoravit.
880 3358 956 3422 Non
980 3356 1129 3450 impedio
1156 3358 1253 3452 equi·

163 3468 242 3536 dem
267 3471 443 3562 quominus
466 3470 585 3536 rationi
612 3469 861 3534 convenientius
894 3493 969 3536 cum
995 3470 1132 3539 Osanno
1156 3472 1252 3538 Ami.

163 3609 198 3676 p.
226 3581 272 3649 61
300 3581 469 3650 iudicetur-
491 3578 608 3649 Attius
635 3598 779 3675 propter
812 3583 975 3651 Graecam
995 3575 1144 3663 ”Amne
1168 3588 1253 3653 seri-

162 3713 316 3788 pturam:
361 3696 414 3763 cui
454 3694 658 3762 simillimum
695 3697 729 3761 in
767 3714 880 3764 nostru
907 3688 1253 3767 caussa'Ma‘tttat’d

163 3811 291 3878 sociare
317 3833 469 3902 possum,
505 3808 597 3901 quod
637 3826 688 3875 est
713 3809 803 3903 apud
825 3810 1037 3879 Athenaeum
1059 3812 1109 3895 ΙΙ,
1135 3840 1170 3907 p.
1193 3817 1252 3885 8‘2.

166 3949 200 3990 o:
244 3922 398 3992 sednon
426 3940 477 3991 est
503 3925 659 3990 continuo
686 3923 822 4005 salsum,
858 3948 925 4018 quo
960 3924 1052 3999 aliud
1089 3925 1252 4020 quiddam

166 4063 239 4104 etse
267 4036 498 4129 praestabilius
523 4035 755 4122 constiterit.*)
781 4041 872 4106 Bono
899 4057 948 4106 ost
966 4058 1077 4112 antem
1095 4060 1128 4108 et
1145 4043 1256 4134 proba

128 4197 131 4203 ·
164 4153 308 4220 nominis
335 4151 439 4220 formu
464 4148 621 4220 Mattius.
666 4151 801 4236 ‘Quodsi
837 4155 935 4221 etiam
968 4152 1100 4228 Metius
1133 4159 1254 4224 scribi-

167 4283 238 4346 tur,
272 4265 392 4332 eadem
425 4270 507 4332 ratio
540 4284 603 4344 est,
640 4293 725 4359 quse
755 4267 934 4336 intercedit
965 4251 1053 4338 inter
1076 4265 1193 4339 Attius
1220 4291 1253 4339 ot

162 4450 430 4470 *ιώ-

218 4550 258 4615 ⁰).
269 4547 361 4599 Acrius
380 4549 456 4600 otiam
475 4547 604 4602 Osannnm
622 4535 785 4604 Heinriciiius
813 4554 976 4623 impugnavit
992 4554 1117 4610 laudabili
1135 4557 1162 4609 in
1182 4555 1252 4609 Pers.

270 4634 323 4686 Sat.
343 4634 362 4697 Ι,
384 4636 418 4688 50
440 4637 613 4690 annotatione.
632 4666 667 4681 -·-
695 4638 814 4691 Ceterum
833 4655 891 4693 oum
909 4640 1009 4710 Attius,
1037 4646 1127 4698 Attius
1143 4643 1255 4698 conteni

278 4719 381 4785 Vettius,
405 4721 505 4774 Vestitu
526 4722 623 4776 tonnae
644 4731 771 4792 poterunt
