2820 5332
220 691 291 766 34⁴1
451 722 482 761 v.
508 717 551 759 nn
577 711 684 759 acris
710 713 879 758 rasurum
906 713 1072 782 rsuroau.
1173 724 1180 737 =

315 894 408 960 llaec
450 892 550 983 igitur
583 889 620 954 in
648 905 698 954 sat
730 887 878 955 diversas
920 905 1033 980 partes
1075 885 1242 980 disputate
1272 889 1302 954 εἰ

214 1007 330 1102 paullo
356 1009 538 1076 accuratius
563 1003 765 1098 perpendas,
791 1001 889 1071 facile
915 1004 1099 1095 perspicias
1124 1026 1301 1096 magones

216 1143 313 1218 parte
347 1122 400 1190 vel
433 1123 587 1216 ambigua
620 1147 693 1188 esse
726 1119 922 1214 velexilia,
953 1137 1053 1212 atque
1091 1122 1225 1188 omuino
1260 1122 1304 1186 ita

216 1256 414 1332 comparata,
441 1255 487 1318 ut,
512 1238 576 1302 nisi
598 1261 684 1329 quae
709 1261 846 1328 prorsus
872 1236 1072 1314 reiectanea,
1097 1237 1303 1327 gravioribus

216 1355 420 1448 argumentis
456 1351 692 1419 confirmandis
725 1376 793 1417 non
825 1350 1038 1418 incommode
1070 1350 1302 1428 adhibeantur,

216 1487 333 1562 suopte
369 1472 401 1536 vi
434 1466 651 1535 discernendi
682 1467 912 1534 necessitatem
945 1491 1014 1534 non
1039 1467 1193 1534 habeant.
1244 1467 1303 1531 Ilei

216 1609 376 1653 summam
402 1600 542 1675 apparet
565 1584 601 1648 in
626 1580 787 1675 Syrorum
806 1582 1303 1673 Campanorumquementioue

215 1702 308 1778 verti,
335 1724 434 1792 quam
461 1696 644 1765 carendum
671 1715 721 1763 est
742 1721 786 1762 ne
812 1699 848 1762 in
874 1713 1026 1763 neutram
1052 1714 1184 1790 purtem
1209 1699 1303 1789 cupi-

217 1815 291 1883 dius
318 1816 553 1907 interpretare.
601 1815 649 1881 Vt
671 1812 773 1906 igitur
796 1813 905 1879 libere
933 1812 1115 1892 fateamur,
1149 1838 1217 1879 uon
1254 1832 1304 1880 est
1372 1895 1375 1900 Ι

216 1949 330 2005 nostra
355 1932 518 1998 sententia
530 1928 826 1998 Windischmauni
841 1932 1082 2021 argumentatio
1099 1955 1302 2023 aqnoqmm

218 2070 299 2114 vere
319 2046 470 2112 refutata.
497 2049 581 2114 Nam
607 2044 868 2137 primumquod
893 2044 951 2111 ille
977 2046 1139 2138 Syrorum
1159 2064 1192 2112 et
1208 2072 1303 2113 usum

219 2179 254 2230 et
284 2163 435 2229 notitiam
467 2163 691 2254 antiquiorem
728 2186 803 2227 esse
835 2159 928 2228 bello
964 2162 1166 2229 Antiochino
1209 2161 1302 2243 dixit,

218 2302 296 2346 vere
323 2277 420 2343 dixit:
447 2303 565 2371 parum
591 2277 683 2357 dixit,
712 2277 802 2370 quod
829 2279 863 2342 in
888 2303 952 2342 una
979 2278 1168 2345 Mercatore
1192 2296 1304 2345 extare

218 2391 338 2461 servile
360 2417 485 2463 nomeu
509 2391 595 2459 illud
620 2395 758 2473 monuit,
783 2417 882 2484 quem
908 2391 1046 2485 quidem
1067 2391 1210 2458 sabulum
1236 2417 1303 2461 non

220 2525 296 2574 aute
320 2533 347 2574 u.
364 2510 434 2579 557
462 2511 621 2601 scriptum
649 2533 721 2575 esse
746 2508 932 2600 probabilis
959 2506 1200 2601 estLadewigii
1222 2534 1303 2576 con-

220 2624 345 2690 iectura
384 2626 419 2690 iu
458 2602 718 2691 Zimmermanni
753 2625 843 2689 Dior.
874 2642 938 2690 ant
970 2624 1057 2690 stud.
1083 2651 1110 2690 a.
1140 2630 1228 2697 1841
1268 2653 1301 2718 p.

224 2739 328 2809 1085.
355 2738 558 2806 Pseudolum
576 2759 669 2807 recte
687 2741 750 2804 iam
779 2738 901 2805 adiecit
925 2738 1108 2806 Nandetus:
1136 2742 1193 2805 ubi
1212 2740 1304 2832 quod

221 2877 292 2922 nou
325 2881 441 2922 verum
472 2880 597 2922 nomeu
632 2855 740 2946 Syrus
766 2873 830 2935 est,
867 2853 929 2921 sed
962 2853 1147 2920 simulatum
1179 2875 1305 2922 tantum

145 2999 149 3005 ’
223 2996 241 3035 s
266 2970 453 3052 Pseudolo,
482 2970 517 3038 id
543 2972 614 3038 noli
638 2971 789 3038 Nnudeto
814 2971 956 3038 credere
979 2973 1157 3064 quicquum
1181 2971 1216 3037 in
1240 2972 1303 3038 hac

223 3110 335 3151 caussa
360 3085 498 3155 referre.
548 3091 651 3181 Atqui
676 3086 882 3154 Pseudolum
915 3089 1036 3154 scimus
1070 3086 1189 3154 eodem
1209 3113 1306 3154 *anno

223 3219 345 3280 actem,
385 3225 452 3293 quo
475 3200 559 3266 illud
587 3221 785 3295 coeptum
813 3220 864 3268 est
884 3202 1029 3281 bellum,
1065 3203 1098 3267 h.
1122 3229 1151 3269 e.
1179 3230 1205 3269 a.
1232 3202 1306 3272 562

223 3319 258 3385 Ρ.
277 3316 437 3384 Cornelio
452 3317 611 3410 Scipione
634 3321 689 3384 Μ’.
707 3316 815 3385 Acilio
831 3318 1011 3385 Glabrione
1026 3318 1118 3384 Coss.
1141 3317 1183 3402 *),
1211 3337 1307 3410 quat-

223 3450 299 3499 tuor
323 3435 416 3499 anuis
442 3453 517 3500 ante
545 3435 754 3500 terminatum
780 3438 827 3501 M.
855 3434 989 3501 Valerio
1012 3433 1168 3501 Messalla
1194 3435 1230 3500 C.
1250 3435 1306 3498 Li-

223 3551 276 3614 vio
315 3548 498 3617 Salinatore
532 3551 625 3620 Coss.
657 3547 698 3640 (s.
726 3549 822 3635 565.)
874 3549 992 3618 Nullus
1027 3552 1061 3615 in
1095 3551 1157 3617 hac
1193 3574 1306 3616 caussa

223 3663 424 3730 Bacchidum
453 3692 551 3746 usus,
587 3669 620 3732 in
648 3692 713 3758 qus
739 3668 798 3733 etsi
825 3692 898 3733 cum
925 3663 1198 3734 Parmenonibus
1224 3663 1310 3753 Syri
1387 3716 1390 3721 -

225 3800 525 3847 commemorantur
550 3780 604 3862 lV,
632 3783 666 3861 4,
692 3780 862 3881 dtamen
888 3781 973 3849 harre
1000 3780 1139 3874 quidem
1161 3777 1307 3844 subulam

224 3912 301 3988 post
325 3922 352 3961 a.
380 3893 451 3964 564
477 3897 610 3967 demum
640 3886 756 3964 suctim
783 3922 855 3963 esse
891 3899 966 3964 satis
992 3897 1072 3962 ulihi
1099 3895 1309 3960 demonstra-

224 4027 293 4081 tum
319 4029 375 4076 est
419 4016 488 4080 Nec
515 4012 619 4080 dubio
648 4033 777 4080 utemur
803 4014 908 4079 Stichi
935 4013 1090 4105 exemplo
1118 4012 1175 4090 ΙΙΙ,
1198 4009 1306 4089 1‚‘29:

230 4201 386 4210 μ--η--
417 4203 437 4210 .-

327 4292 396 4336 tessra
413 4287 444 4335 dc
461 4286 489 4336 Ια
506 4290 622 4340 manualis
640 4291 804 4354 virdunico,
824 4291 885 4341 silo
904 4292 966 4343 lutto
981 4292 1024 4341 des
1040 4290 1120 4340 trimas
1139 4292 1264 4355 tentiones
1283 4297 1307 4339 et

327 4370 370 4421 dea
389 4371 519 4425 habiturus
536 4377 566 4425 ds
583 4376 611 4426 la
627 4377 695 4428 oilie.
739 4379 810 4429 Ceus
834 4378 895 4429 hatte
920 4395 953 4430 ss
971 4394 1118 4442 commences
1136 4360 1253 4445 qti'cprea
1271 4376 1307 4425 lea

323 4474 428 4523 yusrres
447 4461 478 4511 ds
497 4461 524 4511 lu
543 4464 624 4514 Grece
642 4475 665 4514 at
685 4466 715 4514 de
732 4466 819 4517 l'Asis.

274 4545 300 4608 ⁸)
325 4543 413 4615 itaque
434 4548 502 4614 quod
521 4565 570 4599 non
600 4560 659 4602 ante
682 4567 705 4601 n.
726 4554 774 4604 562
803 4553 974 4604 l'rinummrnn
1003 4568 1062 4602 esse
1091 4560 1171 4601 steten·
1192 4550 1304 4599 Ritterus

324 4629 404 4694 dixit,
431 4639 526 4692 rectius
554 4639 629 4693 etiarn
652 4638 752 4693 ridetur
778 4639 963 4710 eliquanto
982 4648 1058 4709 post
1076 4655 1100 4691 u.
1119 4638 1169 4690 562
1188 4636 1238 4686 dici
1259 4653 1313 4709 po..

322 4717 410 4773 tuisse.
