2820 5332
225 683 299 758 438
387 685 388 688 ’
444 706 510 750 νιιι.
545 705 587 748 nu
613 703 763 748 cannara
790 699 961 746 scananvu
987 698 1108 746 onoma

226 877 277 945 dis
302 877 398 944 unius
421 876 511 969 paris
537 893 752 969 praepostere
786 874 917 967 plicatis
948 892 1126 966 peccatum
1151 872 1210 953 sit,
1244 871 1310 939 sed

224 995 353 1088 parium
380 990 590 1087 quorundam
604 1017 743 1085 prorsus
769 990 973 1057 divulsorum
989 987 1137 1082 singulae
1158 985 1309 1056 schedae

225 1111 342 1177 ordine
368 1132 435 1175 non
457 1132 517 1175 suo
542 1108 608 1173 sint
633 1106 825 1176 collocatae.
877 1107 927 1172 De
955 1104 1086 1171 duobus
1103 1121 1211 1170 autem
1229 1128 1311 1170 ver-

225 1223 336 1292 sienlis
361 1221 447 1302 illis,
474 1225 532 1315 qui
558 1222 658 1315 primi
684 1240 760 1288 sunt
782 1240 843 1288 act.
872 1221 918 1287 lV
945 1246 991 1288 sc.
1015 1223 1047 1298 2,
1074 1221 1188 1286 omitto
1214 1244 1309 1286 nunc

227 1339 309 1431 quid
334 1340 485 1405 statuerit
502 1339 748 1428 Lachmannus:
775 1312 1009 1404 secundarium
1036 1335 1123 1401 enim
1151 1335 1216 1402 hoe
1232 1335 1312 1428 qui-

226 1453 315 1520 dem.
374 1456 499 1521 Verum
535 1452 628 1545 qood
663 1449 722 1519 ille
750 1469 785 1519 ut
808 1453 1003 1543 primarium
1030 1452 1065 1516 in
1090 1449 1309 1542 hoe-genere

224 1571 297 1636 iure
315 1571 500 1661 meritoque
513 1586 720 1636 consectatus
737 1586 795 1647 est,
819 1585 854 1632 ut
867 1593 929 1658 par
943 1565 993 1631 vel
1011 1591 1121 1659 prope
1142 1591 1204 1658 pat·
1221 1583 1310 1632 esset

224 1712 381 1753 versuum
406 1709 568 1751 numerus
590 1683 725 1776 singulis
751 1682 884 1750 schedis
915 1682 1178 1762 distributorum,
1203 1683 1245 1748 ah
1273 1709 1311 1749 ea

227 1801 364 1896 quidem
392 1798 590 1892 aequalitate
616 1803 686 1892 ipse
713 1800 817 1865 sensit
842 1798 979 1864 nimium
1006 1798 1124 1864 abesse
1150 1797 1309 1864 schedam

225 1919 257 1985 V
275 1915 364 2004 (Vl),
389 1936 424 1982 nt
449 1920 482 1983 in
511 1943 575 2009 qua
602 1941 716 1981 versus
742 1915 921 2007 perscripti
951 1933 1063 1980 essent
1090 1913 1310 2007 quadraginta

228 2058 322 2100 unus.
374 2036 477 2116 Quam
503 2031 763 2125 discrepantiam
791 2029 870 2095 iude
897 2048 1004 2095 natam
1030 2055 1100 2096 esse
1126 2055 1235 2123 eoque
1257 2029 1311 2096 le-

228 2148 296 2214 vari
323 2147 478 2226 credidit,
505 2147 607 2240 quod,
634 2147 690 2238 qui
718 2165 794 2238 post
816 2146 874 2221 Ill,
901 2151 934 2220 2,
965 2144 1032 2215 199
1059 2149 1093 2210 in
1119 2145 1214 2212 libris
1242 2144 1310 2213 duo

230 2261 385 2354 versiculi
410 2261 565 2354 leguntur
588 2262 673 2349 (Vin
699 2266 765 2354 qui
778 2260 958 2354 perductet
1052 2261 1176 2353 placet,
1217 2262 1313 2351 Quid

231 2418 278 2432 -
305 2375 495 2471 quispiam),
522 2395 645 2444 tantum
673 2379 706 2442 in
735 2378 881 2469 margine
896 2378 1012 2469 scripti
1036 2376 1190 2443 luissent:
1214 2401 1312 2443 suum

233 2494 321 2560 enim
346 2493 412 2560 illis
437 2491 550 2560 locum
575 2513 651 2586 post
675 2521 704 2564 v.
735 2495 803 2565 156
844 2493 978 2579 (Latius
1008 2491 1141 2558 demum
1168 2528 1214 2539 —
1242 2516 1343 2592 nto--

213 2606 306 2694 ¹nes)
335 2633 420 2688 esse,
445 2609 503 2673 ubi
530 2635 605 2675 cum
621 2609 705 2676 sorte
728 2611 839 2675 omissi
856 2627 976 2687 esseut,
1003 2606 1218 2700 postmodum
1243 2611 1316 2673 ani-

231 2722 407 2791 madverso
437 2748 551 2790 errore
576 2749 645 2789 non
672 2726 706 2789 iu
733 2724 857 2790 scheda
884 2725 930 2789 lV
957 2717 1072 2811 (Vll),
1106 2748 1174 2817 quo
1209 2726 1317 2815 perti-

231 2858 369 2919 nerent,
406 2865 478 2907 esse
506 2841 683 2932 ascriptos,
726 2839 786 2906 sed
809 2843 843 2904 in
869 2842 900 2906 V
928 2838 1003 2927 (Vt)
1030 2840 1176 2932 positos,
1215 2858 1249 2904 et
1281 2841 1316 2904 in

233 2981 360 3024 summo
386 2954 526 3049 quidem
551 2958 700 3051 margine
728 2957 853 3048 positos
880 2958 1003 3023 iccirco
1031 2954 1122 3049 quod
1149 2979 1215 3048 quo
1233 2981 1317 3046 per-

225 3060 381 3139 tinerent
406 3074 601 3138 nesciretur.
653 3074 763 3165 Atque
791 3073 856 3138 hoc
884 3070 1020 3166 quidem
1045 3097 1118 3137 cum
1137 3072 1243 3163 possit
1261 3098 1319 3138 ve-

179 3212 183 3223 ’
233 3188 400 3253 sissimum
427 3186 549 3272 esse*),
578 3204 684 3252 tamen
713 3214 830 3280 parurn
859 3205 907 3253 est
933 3186 1024 3280 quod
1046 3186 1316 3254 duobustantum

235 3302 277 3368 de
307 3305 402 3371 unius
427 3322 460 3369 et
494 3303 710 3397 quadraginta
742 3330 893 3369 versuum
921 3302 1132 3369 multitudiue
1159 3302 1318 3371 detractis

236 3419 480 3511 profecerimus
506 3419 548 3484 ad
574 3446 645 3485 eam
673 3447 737 3513 qua
764 3445 847 3512 opos
873 3421 914 3485 sit
939 3418 1175 3512 aequalitatem
1202 3443 1321 3486 conse-

237 3533 425 3626 quendam:
460 3536 559 3600 nimiu
584 3538 672 3602 enim
699 3564 714 3602 a
743 3538 873 3629 triginta
901 3538 1050 3628 quinque
1078 3533 1117 3599 ad
1146 3532 1322 3628 undequa-

239 3649 390 3742 draginta
417 3677 530 3717 versus
557 3653 720 3731 varietas,
748 3678 847 3744 qnam
874 3677 958 3745 quae
984 3653 1213 3718 necessitatem
1239 3677 1321 3744 per-

237 3765 375 3832 suadeat
399 3766 487 3832 illius
514 3769 734 3860 potissimum,
762 3794 847 3859 quae
875 3769 1045 3859 proposita
1071 3770 1134 3848 sit,
1169 3793 1321 3835 errorum

239 3883 385 3973 originis.
450 3883 577 3967 Quodsi
609 3883 728 3951 relicto
756 3884 887 3949 Merula
912 3911 928 3949 a
957 3883 1128 3949 Decurtati
1154 3884 1212 3976 qui
1238 3882 1322 3950 dici-

239 4015 292 4063 tur
316 3998 525 4064 Vrsinianive
558 3999 636 4065 libri
669 4001 817 4065 numeris
844 4000 1076 4092 proficiscare,
1115 4023 1193 4065 sane
1219 4000 1322 4092 magis

243 4117 339 4179 etiam
367 4115 494 4178 turbata
515 4115 714 4207 aequalitate
741 4117 799 4201 has
816 4116 1009 4208 reppereris
1028 4140 1178 4181 versuum
1202 4116 1236 4179 in
1254 4117 1325 4181 sin-

241 4227 325 4321 gulis
370 4228 505 4296 schedis
551 4257 711 4297 sommas:
758 4235 813 4300 32.
845 4233 900 4299 31.
933 4232 1015 4303 108.
1050 4228 1106 4299 lll.
1142 4235 1198 4303 37·
1235 4226 1323 4298 142:

240 4346 416 4413 sciendum
443 4365 491 4412 est
518 4348 605 4412 enirn
632 4349 822 4440 saepissime
849 4347 922 4414 illos
948 4349 1038 4441 ipsos
1064 4346 1168 4413 libros
1183 4370 1325 4439 prorsus

440 4509 488 4520 -α

297 4612 325 4672 ⁹)
345 4609 517 4662 'l'nrctorimus
537 4610 604 4663 htrnc
626 4610 709 4662 locum
732 4627 787 4665 cunr
807 4614 838 4662 iis
865 4627 931 4681 quae
957 4612 1093 4663 coniuncta
1111 4618 1171 4661 sunt
1192 4607 1256 4675 Cap.
1277 4606 1323 4672 111,

347 4706 367 4774 5.
389 4707 411 4755 1.
