2820 5332
240 658 315 738 462
462 680 528 724 arn.
552 681 595 723 na
620 680 766 724 renarro
791 678 959 722 ecantavit
984 677 1105 742 oanme

242 860 462 951 pinquantem
488 857 612 921 Tranio
637 854 887 945 Thcuropidem
910 855 1129 946 conspiciens,
1153 854 1204 920 vel
1230 871 1325 922 certe

241 971 479 1065 impatientiam
516 967 627 1062 aliquo
662 969 762 1036 modo
798 969 1000 1060 prodentem
1046 970 1323 1047 minitantem,

242 1088 351 1153 subito
378 1088 412 1152 in
438 1083 709 1152 exclamationem
731 1084 821 1151 illam
842 1085 1010 1177 erumpit,
1042 1083 1135 1159 lteil,
1157 1108 1232 1152 mox
1259 1111 1322 1151 au-

180 1232 181 1236 *
240 1222 324 1282 tem,
365 1202 423 1267 nbi
463 1201 670 1267 stomachose
711 1199 943 1267 inclamantem
980 1224 1072 1265 erum
1110 1201 1161 1264 his
1196 1201 1321 1279 verbis,

239 1322 308 1384 iam
330 1321 389 1383 isti
412 1340 484 1392 ero,
509 1341 691 1409 parumper
716 1314 867 1408 placavit,
894 1339 961 1382 non
983 1316 1047 1380 iam
1072 1315 1136 1381 sibi
1155 1331 1324 1406 temperat

240 1432 323 1524 quin
354 1429 621 1523 desperationem
651 1427 759 1522 palam
792 1429 1006 1521 profiteatur:
1039 1427 1104 1494 lecu
1139 1453 1191 1495 mc
1217 1434 1321 1496 misc-

239 1569 333 1621 rum,
367 1543 497 1621 occidi,
529 1541 663 1610 occidi!
725 1545 893 1637 Imprimis
918 1562 1028 1611 autem
1054 1561 1149 1637 aptus
1175 1544 1323 1612 dimeter

239 1660 440 1752 necopinato
466 1657 626 1727 terriculo
659 1657 832 1726 efferendo
864 1683 1044 1753 rerumque
1067 1685 1152 1752 qnae
1178 1679 1323 1753 aguntur

239 1776 489 1844 commutationi
514 1774 612 1842 alicui
638 1773 869 1843 declarandae.
921 1774 1080 1843 Ceterum
1099 1776 1151 1843 bis
1165 1774 1226 1844 luit
1241 1803 1320 1844 vcr-

239 1892 360 1959 borum
387 1889 470 1958 ordo
493 1890 617 1958 leniter
640 1890 834 1958 mutandus:
862 1916 936 1959 nam
963 1892 997 1956 in
1022 1890 1116 1958 libris
1143 1920 1171 1959 v·
1196 1891 1245 1964 48
1270 1913 1323 1962 cst

236 2031 333 2079 ,nunc
360 2022 500 2082 ventus,
524 2033 554 2074 v.
582 2008 629 2076 52
652 2011 735 2074 navi
755 2031 861 2097 qucc3
884 2005 946 2073 alia
971 2005 1135 2101 quaedam
1162 2007 1215 2075 vel
1241 2010 1330 2079 Aci-

242 2123 348 2191 dalius
375 2121 426 2188 vel
444 2121 587 2189 ‘Bothius
613 2124 811 2214 praeiverat.
825 2118 863 2213 *)
1276 2121 1278 2127 ’

255 2406 258 2411 “
291 2403 316 2474 ·)
337 2399 432 2464 Quodsi
449 2398 545 2450 rectius
566 2397 723 2448 itomanam
737 2396 853 2448 intuerit
866 2395 995 2448 nochaico
1006 2403 1151 2449 tetrametro
1161 2395 1225 2447 haec
1236 2396 1321 2448 verba

344 2493 529 2562 comprehensa
546 2493 641 2544 inisset
1364 2565 1366 2570 ,

378 2590 422 2642 81.
443 2589 515 2653 Qut?
570 2589 620 2640 tlt.
638 2587 698 2655 quic
718 2587 787 2638 vertit
804 2588 894 2650 adais·,
925 2596 1029 2639 nostrae
1052 2588 1114 2638 adri
1131 2603 1195 2654 quac
1213 2589 1324 2656 [ranarit

728 2689 823 2732 ratem:

346 2779 409 2832 nihii
423 2793 486 2831 sane
505 2778 579 2829 nobis
598 2776 667 2829 aliud
687 2777 803 2829 relictum
824 2777 865 2842 sit,
882 2778 932 2828 nisi
951 2785 978 2828 ut
996 2779 1020 2829 ei
1041 2786 1186 2830 tetrametro
1197 2782 1321 2846 praemit-

343 2883 429 2926 tantm
447 2873 548 2942 quidem
568 2873 593 2923 hi
611 2888 715 2924 versus:

379 2973 433 3034 Qui
449 2970 543 3021 modo?
579 2970 629 3021 Tit.
650 2973 774 3039 pirovano.
814 2969 859 3021 81.
878 2972 975 3035 quaene
991 2969 1115 3019 subducto
1132 2976 1188 3020 erut

385 3066 444 3116 Trito
462 3066 491 3116 itt
509 3065 628 3117 terram?
667 3066 716 3120 Tit.
734 3065 785 3118 leci.
823 3063 866 3115 Sl.
887 3064 1023 3130 quidest?
1060 3064 1109 3116 ra.
1129 3063 1198 3137 [deri]
1216 3080 1254 3114 nte
1269 3066 1325 3116 'rui-

708 3175 801 3220 aarum,
818 3159 920 3209 decidi:

348 3256 410 3324 (nisi
429 3254 530 3322 quidem
548 3253 590 3304 hic
612 3269 715 3322 quoque
732 3253 851 3304 malueris
869 3254 977 3320 tripodis
996 3254 1127 3304 trochaica
1144 3256 1240 3304 ascita:
1263 3254 1323 3305 Trito

346 3353 375 3401 ia
393 3360 489 3402 terram
508 3381 541 3391 -
558 3352 600 3402 tet
622 3382 654 3393 -
673 3351 732 3417 quid
751 3358 786 3401 cst
805 3381 837 3391 -
856 3354 895 3402 aue'
913 3351 1039 3415 miserum,
1058 3351 1174 3418 occidit)
1197 3349 1323 3400 subiicia-

346 3454 487 3496 iurantem
505 3446 527 3496 is
546 3445 578 3496 de
599 3460 649 3512 quo
670 3445 770 3512 agitur:
797 3445 851 3496 Eia
868 3447 988 3514 mastipiu
1008 3461 1032 3496 e.
1051 3463 1076 3514 q.
1094 3463 1115 3497 s.
1162 3445 1233 3508 Quae
1256 3446 1322 3496 ratio

347 3543 368 3591 si
388 3555 437 3590 uon
458 3548 507 3590 tam
525 3540 655 3591 commoda
674 3543 707 3592 sit
723 3557 797 3609 quam
816 3557 892 3608 supra
911 3543 1051 3608 proposita,
1073 3551 1156 3592 tamen
1173 3541 1265 3592 habeat
1278 3543 1322 3608 qui

349 3639 410 3688 item
431 3634 589 3685 defendatur.
627 3635 665 3685 lta
683 3637 750 3687 cuim
768 3645 876 3704 utraque
894 3635 1055 3700 exclamatio,
1075 3646 1100 3688 ct
1120 3637 1161 3688 dei
1179 3645 1205 3687 et
1224 3654 1263 3687 rae
1275 3638 1325 3686 mi-

347 3746 438 3793 seram,
456 3731 539 3780 occidi
556 3729 588 3780 ad
606 3729 716 3782 subitum
735 3739 858 3782 terrorem
869 3732 1010 3796 Tranionis,
1029 3734 1125 3800 quippe
1136 3749 1207 3782 erum
1225 3747 1323 3798 appro-

345 3827 510 3893 pinquantem
528 3826 657 3889 videntia,
682 3827 826 3892 pertinenti
855 3825 888 3876 ad
907 3825 1073 3893 Theuropidis
1093 3835 1177 3877 eutem
1198 3824 1324 3876 inclama-

348 3923 442 3973 tionem
463 3936 531 3972 nunc
545 3920 645 3972 demum
664 3921 821 3971 interiectam
839 3921 1022 3989 Tranionisquc
1041 3937 1192 3989 responsura
1211 3925 1274 3992 (iam
1283 3925 1326 3975 isti

348 4021 403 4087 ero)
424 4018 492 4069 Simo
508 4017 540 4067 iis
559 4016 644 4066 verbis
662 4016 785 4082 respiciat
803 4030 868 4083 qnae
888 4023 947 4066 sunt
967 4017 1082 4082 proximo
1102 4032 1195 4068 versu:
1217 4019 1327 4084 quidest

319 4133 321 4136 ⁴
347 4113 457 4180 nepoti?
489 4111 607 4162 iambicis
626 4111 693 4162 anim
716 4112 852 4162 octonariis
869 4112 895 4160 in
913 4110 980 4162 hunc
999 4111 1053 4163 iere
1074 4112 1176 4164 modurn
1193 4115 1325 4179 pergitur:

381 4209 423 4258 Sl.
449 4208 528 4259 Velim
543 4212 571 4258 u‘t
588 4217 614 4258 tu
626 4207 712 4272 vrttes,
737 4208 837 4258 Trdaio.
854 4207 899 4257 sed
917 4209 1028 4274 quidest
1050 4209 1159 4276 nepoti?
1181 4209 1230 4261 tit.
1252 4213 1321 4280 [eqo]

711 4303 836 4369 eloquar:

384 4396 454 4447 Ereta
470 4401 577 4465 pe'rcqre
595 4400 664 4449 acuit
683 4413 705 4448 c.
722 4414 746 4465 q.
766 4414 786 4448 s.

346 4490 385 4540 De
403 4491 495 4557 quibus
513 4493 641 4557 versibus,
660 4508 766 4559 quornm
787 4493 924 4560 singularis
944 4501 983 4544 cst
1003 4494 1028 4543 in
1040 4492 1111 4544 libris
1125 4508 1185 4545 mss.
1206 4493 1326 4545 condicio

347 4599 397 4634 nec
416 4586 533 4652 expedita
551 4590 625 4652 ratio,
643 4589 763 4655 quoniam
783 4603 833 4639 non
853 4596 939 4655 potest
964 4588 1077 4640 breviter
1095 4588 1154 4653 dici,
1173 4587 1327 4654 explicatius

347 4677 408 4731 olim
430 4695 521 4749 agam,
548 4698 606 4734 cum
626 4682 690 4734 hauc
708 4685 974 4748 scenamuuivcraam
992 4684 1122 4737 tractabo:
1155 4699 1239 4751 acque
1260 4684 1330 4735 enirn
