2820 5332
236 716 284 792 ltS
573 738 604 784 tt.
633 740 674 784 oe
703 739 829 784 narare
858 737 982 783 ararat.

237 937 374 1005 nymum
412 931 520 977 tamen
564 936 626 977 nec
660 907 808 1002 Scaliger
848 910 1015 1003 castigavit
1047 926 1080 975 et
1106 924 1239 974 secutus
1274 921 1324 973 est

237 1025 488 1092 Freinshemius
515 1026 549 1090 iu
575 1024 732 1117 Excerpt.
760 1023 954 1118 chronolog.
981 1023 1023 1089 ad
1038 1022 1175 1088 Florum
1202 1047 1235 1113 p.
1253 1023 1325 1089 572

238 1141 296 1231 ed,
319 1140 428 1206 Elzer.
456 1139 570 1223 Quid?
593 1137 686 1232 quod
709 1136 845 1208 Bothius
872 1137 1028 1206 editionis
1051 1135 1325 1203 Halberstadien·

238 1258 283 1322 sis
312 1280 345 1347 p.
371 1253 485 1320 XXIII
514 1253 600 1321 adeo
635 1253 679 1321 de
710 1280 738 1325 a.
768 1250 838 1324 547
865 1253 978 1346 aliquo
1013 1251 1115 1346 modo
1138 1276 1239 1345 posse
1267 1276 1325 1318 co·
1373 1300 1380 1314 ,

238 1371 334 1463 gitari
366 1367 560 1462 significavit
589 1366 825 1435 hallucinando
860 1371 971 1461 potius
1003 1393 1102 1460 quam
1132 1365 1324 1433 iudicando.

237 1486 364 1554 Verum
390 1483 480 1550 idem
507 1482 639 1549 Plautus
667 1481 801 1574 quando
824 1481 973 1548 videatur
999 1500 1094 1549 natus
1121 1506 1210 1557 esee,
1245 1506 1325 1572 par·
1365 1500 1377 1521 ·‘

239 1602 297 1665 tim
320 1614 454 1694 ¹certant
479 1594 681 1689 grammatici
707 1597 829 1688 partim
854 1612 973 1666 tacent
1000 1597 1043 1662 Et
1067 1593 1225 1688 plerique
1251 1597 1327 1687 qui·

240 1712 319 1780 dem
345 1739 363 1778 a
389 1714 508 1778 Donati
535 1712 644 1776 verbis
671 1710 930 1802 proficiscuntur
956 1711 991 1803 in
1007 1709 1112 1776 Andr.
1137 1712 1216 1775 Ter.
1235 1707 1323 1800 prol.

239 1854 267 1892 r.
280 1827 324 1895 18
340 1825 386 1891 sic
401 1821 670 1892 commentantis:
690 1820 869 1898 Naevium,
878 1815 1051 1898 Plautum,
1060 1824 1211 1890 Ennium
1224 1842 1327 1918 arcu-7

237 1937 335 2026 sant]
346 1936 390 2007 In
401 1938 546 2028 singulis
554 1962 682 2028 magna
690 1938 856 2029 ernplzaris
867 1955 919 2004 est
927 1939 1154 2018 auctoritatis,
1163 1936 1225 2003 sed
1235 1936 1321 2002 ordo

240 2077 310 2119 noa
322 2070 373 2117 est
384 2069 557 2117 serratas:
578 2050 711 2116 Ennius
719 2074 864 2146 namque
872 2069 954 2116 ante
966 2045 1217 2138 Placitumfrtit·
1244 2050 1325 2134 Qui-

238 2168 378 2233 buscum
405 2167 578 2233 Ciceronis
605 2164 660 2230 illa
688 2166 867 2231 convenire
884 2168 949 2231 risa
974 2184 1050 2232 sunt
1067 2169 1167 2232 Tusc.
1180 2166 1242 2248 Qu.
1257 2164 1282 2243 I,
1303 2165 1321 2229 1

240 2294 338 2348 extu:
366 2265 469 2345 anrn's
494 2283 584 2343 errim
604 2267 769 2366 fere-iar
796 2296 874 2371 post
900 2274 1044 2346 Romam
1069 2278 1243 2344 conditam
1266 2279 1326 2342 Lt-
1381 2297 1384 2301 ’

240 2397 311 2461 vius
327 2393 491 2481 fabulam
525 2391 621 2457 dedit
645 2393 683 2461 C.
712 2393 855 2461 Claudio
883 2394 989 2461 Caeci
1009 2395 1049 2463 F.
1073 2387 1122 2462 M.
1150 2389 1324 2459 Iadteano

239 2507 444 2583 consulibus,
451 2531 545 2571 aureo
556 2523 639 2571 ante
649 2525 768 2572 natam
776 2509 945 2573 Enniam:
959 2510 1019 2600 qai
1032 2510 1107 2593 fait
1118 2508 1228 2572 'maior
1240 2523 1324 2571 natu

238 2646 338 2711 quam
363 2621 507 2687 Plantas
526 2638 560 2685 et
573 2623 730 2687 Naevius.
755 2623 904 2704 Quorum
929 2624 967 2688 si·
984 2646 1024 2688 ea
1049 2623 1091 2688 sit
1112 2622 1326 2700 constructio,

238 2761 324 2830 quae
350 2734 392 2800 ad
419 2733 693 2801 collocandorum
714 2737 891 2803 verborum
911 2735 1154 2827 simplicitatem
1170 2736 1324 2826 proxime

238 2849 385 2930 accedat,
400 2848 544 2941 prodeat
566 2873 643 2915 sane
659 2850 766 2915 Ennio
788 2852 896 2916 minor
913 2867 989 2914 natu
1001 2844 1134 2915 Plautus
1160 2850 1192 2914 h.
1213 2872 1240 2914 e.
1257 2871 1326 2914 non

238 2983 314 3030 aute
331 2990 357 3031 a.
375 2966 445 3029 515
462 2983 568 3031 natus.
593 2966 674 3031 Nam
694 2991 720 3029 a.
735 2965 808 3035 514
827 2967 864 3029 C.
881 2962 1029 3030 Mamilio
1044 2966 1082 3047 Q
1093 2963 1227 3030 Valerio
1247 2966 1326 3031 Cos.

238 3096 350 3142 natum
374 3101 446 3141 esse
460 3077 612 3154 Ennium,
638 3076 674 3140 id
689 3100 766 3143 vero
791 3077 995 3144 dubitatione
1011 3074 1148 3170 prorsus
1163 3095 1255 3143 vacat
1266 3078 1327 3140 lta-

240 3192 364 3282 bctque
403 3186 682 3280 locupletissimos
717 3208 817 3255 testes
843 3194 1032 3257 Varronem
1063 3190 1154 3283 apud
1179 3190 1327 3269 Gellium

240 3305 346 3384 XVII,
363 3307 405 3372 tt
435 3322 466 3369 et
481 3304 681 3370 Ciceronem
701 3307 793 3370 Bruti
815 3331 842 3372 c.
859 3307 974 3373 XVIII
993 3306 1013 3392 §
1034 3308 1090 3376 72.
1110 3302 1156 3375 73
1176 3306 1328 3373 Catonis-

242 3445 307 3513 que
334 3420 407 3484 mai.
430 3419 512 3486 c.V-.
536 3421 631 3508 §142
659 3446 676 3486 a
702 3422 823 3512 quibus
849 3397 1060 3514 nequaqnam
1088 3419 1265 3512 discrepat,
1292 3437 1328 3485 nt

241 3536 377 3600 Osanno
405 3534 511 3598 visum
536 3533 629 3598 Anal.
658 3536 728 3602 crit
754 3562 787 3628 p.
814 3537 872 3616 49,
900 3538 1121 3628 Hieronymus
1142 3534 1326 3627 adolymp.

243 3673 356 3727 cxxxv,
383 3650 406 3714 9
430 3663 464 3711 et
489 3671 579 3724 cttn,
609 3653 638 3713 l.
691 3651 847 3715 Ceterum
874 3650 966 3742 quod
992 3674 1095 3716 annos
1123 3655 1180 3722 ῑδῐ
1207 3634 1333 3716 (Ιί5510ι

242 3762 326 3829 dixit
350 3759 391 3845 *),
419 3785 456 3827 ea
481 3760 553 3827 talis
579 3761 778 3855 negligentia
805 3782 862 3844 est,
895 3788 993 3857 quam
1020 3789 1063 3830 ne
1089 3764 1231 3832 voluerit
1255 3764 1330 3855 qui-

242 3876 319 3942 dem
345 3874 489 3966 scriptor
513 3876 633 3940 vitare:
661 3877 695 3942 id
725 3879 816 3970 quod
842 3879 1026 3946 rectissime
1053 3875 1197 3947 Wolsms
1231 3875 1329 3943 intel-

241 3989 331 4057 lexit.
372 3988 555 4071 Quominus
583 3990 670 4054 enim
697 4017 715 4056 a
742 3991 952 4083 quorundam
978 3991 1140 4059 librorum
1166 3993 1329 4082 scriptura

242 4094 507 4199 quadringentis
533 4100 648 4168 decem
676 4122 709 4169 et
736 4123 812 4173 octo
829 4107 1000 4199 profectus,
1021 4131 1134 4172 rerum
1152 4129 1330 4169 numerum

241 4221 392 4286 restituas
423 4245 529 4298 roxnn,
557 4219 614 4309 qui
652 4220 723 4310 ipse
758 4224 865 4288 estin
891 4225 980 4287 Brut
1008 4221 1132 4301 XVIII,
1157 4219 1176 4305 S
1203 4221 1249 4287 72
1272 4218 1330 4304 ⁰),

243 4404 538 4427 ...--—-—--—-

304 4503 330 4570 ⁸)
349 4501 491 4552 Perleriter
508 4500 557 4550 hoc
574 4496 661 4565 attigit
679 4495 842 4561 viscariugus
862 4491 1061 4557 Quaestiouibua
1086 4490 1209 4545 PlautInis
1227 4490 1331 4544 Amata-

349 4587 442 4639 naun
462 4603 484 4638 a.
507 4586 574 4639 rota
595 4585 681 4648 euicta,
702 4582 713 4636 t
733 4597 759 4648 p.
781 4582 820 4634 to.
1256 4565 1266 4575 '

279 4682 324 4752 ”J
343 4682 408 4734 Vile
425 4681 581 4749 Epimetrum
600 4679 633 4732 ll.
