2820 5332
675 387 681 401 a
709 377 715 388 ‘
1297 364 1306 385 ⁸

458 706 871 752 anavus-irremunerata.
997 769 1000 774 .
1135 682 1207 754 3⁷9
1281 688 1287 701 ’

122 899 192 949 tem
218 883 314 950 nobis
335 883 370 947 in
392 897 458 948 tots
484 879 638 947 Rudente
670 905 753 947 unus
780 897 905 947 tantum
928 880 1022 950 loeus
1044 882 1209 975 apparuit,

124 999 167 1065 ad
193 1024 293 1092 quem
321 999 490 1090 pertinere
518 997 677 1063 Sisennae
710 996 875 1064 scholium
900 999 1055 1090 potuerit.
1099 996 1212 1065 listis

126 1117 150 1194 l,
181 1120 195 1182 l
227 1140 255 1179 v.
280 1111 304 1180 4
330 1115 378 1179 sic
401 1114 544 1205 scriptus
571 1113 604 1177 in
627 1114 747 1179 nostris
771 1112 867 1179 libris
895 1109 1065 1180 omnibns:

226 1252 298 1294 non
322 1223 440 1294 veritus
455 1232 548 1314 fuit,
575 1252 689 1294 verum
719 1222 920 1295 ‘Alcumena
941 1221 1108 1321 Euripidi.

127 1349 235 1430 Quem
258 1344 320 1410 hac
347 1345 457 1437 potins
483 1343 589 1410 formu
614 1342 737 1436 legisse
760 1345 933 1411 Sisennam
959 1361 1106 1438 oportet:
1131 1346 1214 1412 Nou

127 1456 245 1527 ventus
262 1463 362 1548 ficit,
390 1454 503 1525 ve'rum
526 1456 694 1526 Alcmena
718 1456 896 1552 Euripidi.
911 1457 941 1543 *)
969 1459 1076 1527 Valde
1097 1481 1214 1527 autem

126 1576 192 1643 hoe
219 1574 438 1642 memorabile
464 1555 703 1642 documentum
730 1594 781 1642 est
805 1595 1039 1669 corruptorum
1066 1577 1130 1643 iam
1154 1601 1214 1642 nn-

127 1692 312 1784 tiqnissimo
348 1709 502 1782 tempore
536 1691 774 1784 exemplarium
813 1691 1057 1759 Plnutinorum:
1099 1717 1215 1785 neque

129 1808 216 1874 enim
240 1804 442 1898 trisyllabum
468 1805 608 1872 formum
633 1805 802 1872 Alcmena
823 1808 915 1872 novit
936 1825 1046 1900 poete.
1086 1808 1218 1874 Memo-

129 1921 237 1989 rabile
266 1922 364 1988 etiam
388 1921 475 1998 hoe,
512 1946 580 1987 non
603 1920 646 1987 de
661 1927 762 2008 juvit
789 1921 851 1990 sed
868 1926 948 2009 fuit
970 1923 1076 1990 sorma
1103 1923 1220 1990 Sisen-

130 2064 206 2106 nam
241 2037 333 2130 loqui
369 2036 428 2123 (el.
462 2038 564 2104 Prisc.
592 2038 633 2118 X,
660 2043 693 2118 9,
721 2037 800 2123 1‘2):
836 2038 951 2131 quode
976 2037 1161 2106 Muellerus
1183 2039 1220 2103 in

130 2156 226 2220 Verr.
250 2154 309 2237 lx,
340 2150 408 2222 104
436 2179 475 2218 ea
501 2177 612 2245 nuper
637 2157 818 2234 annotavit,
841 2155 972 2247 ‚quibus
1006 2155 1142 2220 minime
1167 2152 1221 2220 di·

134 2288 266 2362 rempta
292 2269 400 2335 videri
427 2268 483 2334 illa
509 2271 733 2336 controversia
759 2286 880 2363 potest.

227 2387 265 2450 In
299 2384 416 2450 eadem
447 2385 557 2450 sabula
593 2411 666 2452 eum
698 2385 864 2450 leubiliore
890 2401 1000 2450 metro
1023 2405 1117 2448 usum
1148 2406 1220 2450 esse

133 2519 266 2594 poetam
296 2500 401 2593 idque
432 2501 543 2566 solere
578 2505 615 2567 in
644 2501 826 2566 naulierum'
849 2505 1008 2566 oratione
1033 2501 1143 2569 faeere
1168 2500 1222 2568 si.

134 2642 235 2683 senna
273 2635 423 2695 annotat,
462 2617 527 2683 hoc
558 2641 623 2708 qno
655 2618 822 2709 pertineat
861 2615 998 2683 difficile
1033 2615 1127 2682 dictu
1163 2633 1221 2691 ese

140 2729 229 2815 Quid
256 2734 342 2797 enim
380 2757 453 2798 esse
475 2732 587 2798 habile
614 2752 754 2799 metrum
783 2732 951 2798 dicamus?
1001 2731 1137 2798 Deinde
1164 2755 1222 2797 su-

137 2865 225 2926 tem,·
249 2874 315 2940 qno
333 2867 424 2914 certo
449 2864 554 2914 metro
581 2867 636 2913 aut
661 2849 782 2940 quibus
808 2848 922 2914 metris
950 2847 993 2933 (si
1018 2847 1103 2913 sorte
1130 2869 1223 2913 eom-

134 2962 232 3056 plurn
255 2962 552 3055 comprehenderit
569 2961 728 3028 lrabilium
751 2961 900 3048 nomine)
927 2962 1079 3029 Plautum
1098 2964 1133 3027 in
1150 2986 1224 3028 mu·

136 3078 255 3145 lienum
282 3081 489 3172 potissimum
517 3078 666 3145 oratione
692 3103 787 3144 usum
816 3081 1030 3170 putabimus?
1079 3077 1148 3145 Sed
1175 3096 1223 3144 ta-

288 3307 304 3314 ·-
329 3308 444 3317 .-.ne—-

190 3413 215 3484 ³)
245 3411 325 3462 Recte
352 3410 415 3461 iecit
445 3410 515 3478 quod
544 3410 606 3461 milti
635 3425 685 3462 noo
711 3410 820 3461 eredidit
846 3413 877 3463 Α.
906 3409 1092 3463 Fleckeisenus
1115 3409 1228 3464 Exercit.

241 3497 323 3549 Plant.
345 3497 469 3566 (Gotting.
494 3513 517 3547 a.
541 3497 619 3568 1842)
646 3513 673 3565 p.
692 3499 735 3561 52,
766 3514 910 3568 quanquam
931 3514 1019 3551 verum
1040 3515 1074 3551 ne
1090 3499 1148 3566 ipse
1169 3500 1230 3568 qui-

244 3583 302 3633 dem
324 3591 467 3634 assecutus.
503 3583 586 3635 Verba
611 3584 668 3635 eiua
697 3583 762 3635 haec
780 3593 855 3636 sunt:
895 3586 953 3638 Nisi
979 3586 1014 3636 ud
1037 3585 1117 3636 alium
1145 3570 1229 3637 meum

244 3671 367 3723 studentis
387 3670 510 3738 fabulae,
539 3671 689 3738 quinatis
707 3674 802 3724 nostris
821 3672 893 3725 libris
914 3681 1048 3740 correptus
1065 3681 1109 3723 aut
1127 3674 1231 3723 omnino

243 3760 359 3827 perditus
378 3767 432 3819 est,
459 3758 523 3810 tttud
538 3759 663 3811 scholium
680 3769 786 3829 spectat,
805 3759 882 3811 multo
901 3758 1081 3827 probabilius.
1103 3791 1110 3809 ·
1131 3794 1138 3808 .
1156 3797 1163 3809 .
1183 3776 1230 3827 epo

245 3849 376 3915 corripere
392 3846 455 3898 mitt
473 3847 562 3898 uideor
580 3849 635 3915 sui
644 3886 651 3911 ,
667 3856 695 3899 ut
711 3849 823 3900 Siccam
839 3846 1039 3897 obseruationem
1056 3843 1129 3896 illum
1147 3855 1229 3897 rettu-

243 3933 303 3985 lerit
321 3935 355 3985 ad
376 3935 442 3987 llud.
465 3935 585 3999 1‚3,'t³
603 3936 693 3987 licie:

305 4022 401 4073 Libera
419 4016 467 4090 epo'
480 4027 610 4093 progenita
626 4023 665 4090 sui
682 4027 808 4079 mdcume,
827 4025 993 4088 nequicquam
1012 4022 1058 4086 sui.

245 4107 301 4160 lion
320 4125 385 4176 opus
407 4118 446 4160 est
466 4110 515 4161 hac
532 4112 680 4161 motatione·
702 4110 765 4161 Rem
786 4124 834 4159 seu
852 4109 938 4175 tetigit
957 4109 985 4159 G.
997 4108 1165 4172 ilermuunus,
1182 4107 1230 4160 lm.

245 4197 398 4247 inanissimis
419 4197 451 4248 ad
472 4212 512 4247 me
533 4197 624 4248 litteris
643 4193 707 4245 datia
717 4197 841 4247 Sisennae
858 4196 1049 4245 annotationem
1063 4193 1180 4246 referens
1197 4195 1230 4251 ud

246 4282 310 4333 llud.
332 4284 372 4344 tr,
390 4285 415 4345 ll,
435 4285 478 4345 61,
507 4299 582 4352 quem
600 4286 638 4334 sic
657 4285 778 4350 scriptum
800 4284 946 4350 repperisse
965 4284 1114 4334 Sisennam:

311 4374 383 4423 llac'e
402 4372 507 4422 Athenis
524 4375 607 4439 percu
624 4371 673 4438 svnt
690 4376 761 4438 sirpo
780 4381 876 4438 surpta.
898 4372 940 4421 dic
958 4370 1028 4419 milti.

248 4459 316 4511 liihii
336 4461 400 4509 hunc
420 4461 592 4510 coniecturam
613 4459 764 4510 conmanere
788 4459 881 4509 certius
910 4464 995 4524 potest
1013 4470 1088 4524 qoam
1110 4471 1232 4508 numero·

249 4562 303 4597 rum
326 4547 438 4612 pravitas
460 4546 576 4614 proditae
596 4548 621 4597 iu
641 4546 716 4599 codd.
741 4547 899 4612 scripturae:
933 4544 1005 4596 llaec
1022 4544 1130 4595 Athenis
1149 4547 1234 4613 peiren

250 4635 298 4701 [uit
316 4634 388 4701 sirpo
404 4642 531 4702 surrepta.
550 4635 592 4685 die
609 4633 688 4686 stilti:
708 4635 749 4684 cni
768 4633 930 4700 transpositis
948 4633 1020 4701 sirpo
1039 4633 1087 4702 seit
1099 4630 1236 4687 consulere

252 4719 357 4773 Reizius
376 4719 534 4772 instimulant.
