2820 5332
255 762 320 802 ΧΧΙΙ
702 758 891 804 cateneto.

255 933 331 999 loeo'
354 957 377 996 a
393 935 518 1024 Pigln'o
544 938 612 998 iam
638 932 763 1000 collata
784 932 836 998 liis
862 958 993 1026 qttoqne
1016 932 1145 999 duobus
1168 931 1332 1021 capitibus

255 1037 458 1114 inserentes,
491 1057 623 1122 semper
651 1050 847 1098 accuratam
869 1032 989 1098 eadem
1013 1037 1109 1098 siricis
1135 1029 1334 1096 incluslernli

255 1131 480 1221 diligentiam,
512 1135 581 1197 nisi
606 1135 716 1197 omnis
742 1131 965 1197 dubitationis
989 1137 1118 1223 speeies
1142 1129 1185 1195 sle
1210 1128 1332 1194 oiltlito

254 1255 349 1295 aneto
375 1233 576 1309 evanuisset,
602 1230 859 1297 observavimus.
887 1232 1000 1297 Verbo
1026 1249 1101 1296 suut
1118 1230 1156 1299 F.
1169 1230 1209 1295 G.
1225 1229 1332 1295 Seliu-

250 1330 340 1394 berti
365 1329 408 1394 dc
432 1330 567 1394 Roman.
601 1329 701 1395 ccclii.
729 1357 758 1422 p.
773 1332 855 1400 277.
906 1329 1043 1396 Scilicet
1069 1331 1162 1396 uncis
1190 1326 1334 1405 inclusit,

252 1453 393 1518 quocum
428 1453 470 1493 ne
500 1430 623 1496 mentio
657 1430 794 1521 quidem
820 1429 857 1494 lit
881 1428 970 1520 apud
995 1454 1107 1495 rerunt
1132 1428 1331 1519 scriptores:

250 1553 365 1593 vacare
391 1527 603 1593 (limitationis
626 1546 702 1593 note
727 1527 839 1606 voluit,
862 1555 958 1620 elisae,
991 1530 1052 1595 ctsi
1080 1554 1153 1595 cum
1178 1530 1249 1619 ipsa
1273 1551 1332 1591 cc-

252 1624 378 1691 dilitute
406 1652 567 1718 nusquam
594 1629 779 1705 coniuncta,
805 1647 912 1693 tumen
939 1626 1050 1720 aliquo
1076 1629 1111 1692 in
1136 1625 1212 1693 loco
1230 1625 1332 1715 stingi-

250 1741 408 1790 stratuum
432 1727 654 1792 Rumeuorum
681 1729 880 1792 reseruntur.
931 1726 1042 1793 Velut·
1057 1726 1186 1791 lunium
1213 1743 1245 1791 et
1264 1725 1331 1789 tto-

250 1822 370 1888 stiliuiu
406 1823 479 1889 illos
514 1849 582 1891 uon
608 1825 670 1890 eliu
696 1824 738 1891 sle
762 1851 873 1890 caussa
902 1842 935 1889 ct
960 1825 993 1889 in
1015 1824 1178 1890 aedilibus
1203 1821 1332 1888 rettulit

252 1939 285 1987 ct
311 1925 407 1988 ccctis
433 1925 525 1988 asinis
549 1926 714 2016 ascripsit,
740 1925 802 1989 uisi
830 1924 920 2016 quod
937 1944 1108 2016 praetores
1130 1923 1228 1989 luisse
1249 1946 1331 1989 cou-

251 2038 327 2085 stat:
363 2040 398 2087 ut
431 2039 554 2089 taceam
589 2022 633 2088 de
665 2024 842 2090 Cosconio.
893 2026 1042 2114 Apparet
1067 2024 1218 2089 meritam
1245 2022 1331 2086 scri-

250 2122 393 2185 suouiatu
429 2144 518 2201 csse,
551 2148 617 2214 qua
643 2119 687 2187 (lc
714 2120 770 2187 teli
796 2147 897 2213 opera
921 2121 1083 2188 iudicasse
1108 2121 1329 2186 Niebuhrium

249 2218 346 2283 video
380 2218 412 2283 in
443 2220 565 2288 scholis
594 2220 637 2286 de
663 2222 736 2290 hist.
762 2223 853 2288 Rom.
882 2221 1019 2301 habitis,
1056 2218 1119 2286 vol.
1146 2220 1171 2296 l,
1202 2246 1235 2311 p.
1261 2224 1326 2286 111

249 2317 301 2381 ed.
328 2318 395 2382 len.

346 2427 471 2496 Em,
504 2416 583 2482 item
614 2432 722 2506 p‚348
747 2417 914 2497 dubitavi,
938 2443 1016 2483 usim
1043 2416 1329 2510 Apollinares

247 2513 342 2579 ludi
370 2519 476 2580 statim
503 2517 544 2580 ab
570 2517 662 2583 initio
687 2519 812 2583 scenici
837 2540 944 2583 necne
970 2518 1119 2583 luissent:
1149 2540 1232 2608 quos
1255 2516 1331 2606 qui-

240 2614 327 2680 slem
353 2642 380 2680 e.
407 2610 478 2683 584
501 2616 598 2681 luisse
621 2618 771 2682 scenicos
792 2616 1141 2708 sliyestaanuicnae
1171 2613 1330 2705 exciuplo

250 2731 426 2780 constaret
463 2713 580 2779 Oculis
607 2714 732 2780 tollitur
759 2715 919 2779 ‹lubitatiu
945 2715 1044 2806 louge
1066 2713 1330 2780 luculentissimo

249 2815 447 2890 testimonio,
474 2812 566 2905 quod
589 2802 678 2879 docti
705 2814 929 2881 cdtilcsceutis
946 2815 1055 2880 lacobi
1070 2817 1214 2904 Bernays
1229 2813 1329 2877 ilaus-

247 2914 421 3002 burgeusis
446 2912 570 2978 iudicio
597 2911 714 2978 debeo.
755 2912 846 2979 besti
871 2914 957 2976 enim
982 2910 1329 3004 p.3⁰61t1uett.hsee

251 3012 352 3075 verba
386 3031 477 3077 sunt:
511 3011 636 3087 „Salva
664 3036 718 3078 res
743 3029 793 3077 est
818 3011 898 3077 (lem
925 3029 1045 3076 catttat
1070 3027 1196 3076 senex*
1222 3034 1329 3101 attare

247 3114 449 3201 parasiti
472 3106 696 3200 Apollinis
726 3115 771 3175 in
800 3135 966 3176 scaena
989 3110 1161 3205 dictitent,
1191 3134 1328 3173 cosssam

252 3212 433 3277 Verrius
420 3233 457 3275 tn
486 3209 564 3276 l.V.
590 3214 732 3300 quornm
754 3214 866 3300 prima
889 3226 940 3274 est
961 3211 993 3275 P
1008 3211 1137 3284 littera,
1163 3207 1329 3282 reddidit,

249 3307 342 3398 qstotl
364 3309 404 3372 P.
431 3308 579 3399 Sulpicio
601 3309 662 3373 Cu.
679 3304 910 3409 FulvtoeCos„
934 3310 984 3375 M.
1003 3308 1067 3375 Cal
1063 3307 1330 3399 puririoPisone

249 3408 315 3472 Pr.
345 3406 438 3476 Vrb
456 3411 671 3492 faciente
696 3382 961 3473 lndossubito
986 3406 1034 3471 asl
1057 3431 1155 3472 arma
1179 3410 1328 3472 exieriut

251 3511 411 3572 iristitiato
444 3507 593 3571 adventu
625 3506 769 3572 bostium
805 3524 1011 3599 vectoresque
1039 3510 1075 3572 in
1111 3507 1330 3571 tlieotrnm

252 3604 417 3671 redierint
455 3606 594 3672 solliciti
629 3630 673 3670 ne
707 3610 895 3671 internn'ssi
926 3607 1127 3696 religionem
1159 3605 1326 3692 afferrent

251 3703 535 3820 instaurantlique
553 3722 685 3770 essent:
711 3709 887 3770 inventum
906 3728 977 3769 esse
992 3704 1040 3770 ibi
1054 3705 1089 3771 C.
1102 3705 1328 3794 Pomponium

251 3802 445 3885 libertinum
481 3809 614 3869 minium
639 3827 766 3894 magno
793 3821 891 3879 natu,
913 3828 969 3897 qut
965 3803 1038 3868 ad
1062 3802 1234 3869 tibicinem
1257 3802 1326 3875 s-al

252 3919 361 3968 tatct:
389 3909 502 3995 itaque
526 3903 655 3994 gaudio
681 3928 752 3969 sion
776 3909 989 3994 interruptae
1009 3901 1328 4011 religionisetlitam

252 4028 365 4068 vocem
394 4028 486 4068 istinc
510 4026 640 4096 qnoque
665 4000 841 4068 celebrari.
881 4001 968 4068 At
955 4027 992 4068 sn
1017 4003 1081 4068 boe
1106 3988 1204 4068 libro
1217 4005 1328 4086 refert

250 4104 354 4171 Sinni
391 4105 568 4193 Capitonis
606 4101 719 4176 verbo,
752 4101 871 4194 quibus
906 4126 977 4166 eos
1011 4101 1134 4166 ludos
1166 4097 1328 4192 Apolli-

252 4228 382 4267 nares
418 4201 561 4269 Claudio
593 4217 627 4266 et
658 4203 778 4268 Fulvio
806 4203 882 4268 Cos.
895 4205 1020 4287 factos
1051 4200 1135 4265 dicit
1169 4224 1213 4264 ca
1233 4197 1329 4264 libris

251 4302 428 4391 Sibyllinis
459 4317 494 4366 et
517 4304 678 4368 vaticinia
701 4304 829 4368 Marcii
854 4304 940 4365 vatis
966 4303 1150 4378 institutos,
1180 4300 1327 4367 nedo-

251 4405 402 4466 irritentur
427 4401 512 4465 nllus
533 4402 757 4493 Pomponius:
784 4398 989 4561 riclicnleque
1013 4397 1096 4463 de
1082 4424 1156 4489 ipsa
1180 4398 1329 4513 ‹sintella-

252 4503 345 4565 tione
369 4517 545 4590 parasitos
545 4527 600 4566 am
610 4496 815 4592 Apollinisl
812 4503 855 4563 rie
880 4523 1016 4563 cuasam
1042 4497 1167 4569 reddit,
1195 4523 1267 4562 cnm
1290 4522 1327 4561 tn

251 4623 291 4665 oo
320 4604 553 4689 pswacteeisset.
587 4604 638 4665 ait
671 4604 761 4664 enim
791 4603 840 4662 ita
872 4622 957 4687 appe
959 4598 1049 4673 llari,
1076 4597 1167 4690 qnod
1193 4599 1229 4662 C
1257 4599 1328 4663 Vo-

251 4705 394 4782 umnins,
433 4706 491 4792 qni
527 4699 576 4764 ad
613 4699 785 4767 tibicinem
818 4696 974 4773 saltarit,
1025 4722 1124 4765 scen
1142 4693 1328 4761 stilorum.
