2820 5332
152 757 254 800 xxvttt
593 752 782 799 PRAEFATIO.

154 929 339 1009 Pulcer,
366 929 457 995 cuius
483 930 517 994 in
545 947 625 996 orat.
652 927 842 1018 deharusp.
868 952 957 1020 resp.
984 954 1010 993 e.
1040 930 1083 994 1‘2
1110 929 1234 995 inentia

156 1029 202 1105 fit,
227 1031 261 1094 P.
283 1026 393 1095 Clodii
425 1047 531 1120 pater,
553 1044 696 1120 propter
727 1026 982 1094 or.PIancianae
1008 1053 1034 1092 e.
1061 1029 1102 1094 21
1132 1027 1235 1092 verba

153 1126 292 1193 dubium
319 1145 369 1193 est
393 1152 473 1192 num
498 1125 613 1192 aedilis
632 1150 777 1220 unquam
799 1126 901 1192 sactus
924 1127 980 1191 sit:
1007 1126 1133 1191 tametsi
1158 1150 1237 1191 eum

155 1251 241 1292 anno
268 1223 335 1294 661
359 1227 492 1316 Pighius
520 1224 769 1292 ctSchubcrtus
795 1226 1021 1316 ascripserunt
1046 1224 1116 1290 sine
1143 1225 1237 1291 testi-

155 1327 286 1404 monio,
321 1323 437 1393 Wollii
470 1341 577 1391 autem
609 1323 849 1393 dubitationem
881 1322 974 1388 illam
1005 1321 1236 1390 ratiocinando

53 1427 55 1431 ’
155 1423 285 1490 tollere.
314 1424 500 1490 Garatonas
540 1421 672 1490 studuit
734 1421 804 1490 Sed
845 1420 887 1488 ad
925 1421 1044 1489 borum
1068 1440 1239 1496 ,neutrum

154 1522 281 1589 Valerii
307 1525 443 1588 Maximi
471 1523 513 1601 II,
540 1521 572 1600 4,
593 1520 628 1597 Ι6
655 1523 754 1587 rerba
781 1537 951 1614 spectant,
988 1546 1101 1589 rerum
1134 1519 1175 1586 ad
1201 1522 1237 1586 Ρ.

155 1621 267 1688 Clodii
293 1641 446 1714 patruum
478 1620 528 1705 (ut
559 1638 610 1687 est
643 1617 679 1690 in
706 1644 752 1688 or.
787 1620 831 1687 de
858 1620 927 1685 har.
953 1618 1058 1712 resp.)
1086 1621 1235 1687 Caium

156 1720 394 1809 ¹Claudium
427 1719 627 1788 Pulcrum
666 1722 727 1812 Ap.
752 1720 809 1799 F.,
847 1716 991 1784 aedilem
1017 1745 1045 1784 a.
1079 1715 1151 1789 651
1178 1716 1235 1805 (cl.

162 1819 269 1885 Orell.
297 1819 418 1887 Onam.
445 1816 535 1888 Tull.
569 1819 612 1898 II,
637 1842 674 1910 p.
703 1814 772 1888 1-18
798 1814 880 1912 sq.):
917 1819 1008 1883 cuius
1033 1818 1249 1911 magnificam.

159 1921 193 1984 in
225 1920 299 2012 ipso
326 1918 461 1985 scenico
487 1943 611 2010 genere
636 1915 837 1984 aedilitatem
860 1933 1022 1983 testantur
1047 1919 1169 1984 Cicero
1196 1914 1238 1987 de

162 2016 246 2084 offic.
271 2018 314 2097 II,
341 2044 369 2085 c.
386 2017 439 2097 16,
464 2017 599 2082 Verria.
626 2013 787 2096 11‚t‚59,
811 2013 931 2081 Paulus
955 2012 1045 2082 Festi
1071 2016 1239 2081 breviator

160 2142 194 2207 p.
221 2117 265 2184 57
280 2117 328 2183 M.
350 2135 382 2183 et
405 2116 509 2208 ipsius
533 2116 684 2208 picturae
701 2114 875 2182 artificium
901 2114 989 2180 iuxta
1016 2140 1088 2181 cum
1102 2113 1239 2182 Valerio

162 2238 423 2282 commemorans
453 2213 578 2279 Plinius
612 2213 652 2279 N.
686 2213 726 2278 H.
752 2214 891 2292 XXXV,
916 2211 949 2290 4,
974 2207 1029 2300 (7)
1054 2214 1114 2282 93:
1148 2213 1240 2300 cuius

164 2314 279 2381 confer
315 2331 488 2406 praeterea
524 2312 615 2392 VIII,
642 2315 675 2391 7,
701 2308 754 2398 (7)
780 2311 835 2381 19.
869 2346 915 2359 ···
951 2314 1106 2379 Ceterum
1138 2313 1242 2404 Appii

165 2411 298 2480 Claudii
324 2411 436 2478 Pulcri
460 2408 576 2478 aedilis
602 2413 806 2478 mentionem
840 2434 909 2483 non
946 2434 1032 2504 nego
1058 2413 1091 2476 in
1119 2412 1244 2477 Varro-

166 2513 217 2578 nis
250 2511 338 2578 libro
374 2529 499 2578 tantum
528 2511 563 2577 in
598 2527 787 2577 transcursu
812 2510 904 2575 iniici
929 2513 1077 2602 potuisse
1112 2529 1144 2576 et
1180 2533 1245 2602 per

165 2635 275 2677 earum
299 2634 411 2676 rerum
430 2610 650 2687 occasionem,
674 2634 759 2701 quae
785 2608 826 2675 ad
854 2610 941 2701 ipsas
968 2611 1111 2700 origines
1137 2610 1247 2675 sceni-

167 2735 225 2777 cae
252 2711 330 2776 artis
353 2733 468 2775 revera
498 2709 713 2799 pertinerent
737 2741 782 2754 —
806 2710 872 2774 IIos
898 2726 1006 2774 autem
1032 2707 1085 2773 de
1111 2710 1246 2801 origi-

167 2809 295 2875 nibus
331 2807 524 2874 scenicis
553 2806 704 2872 libros
726 2807 1022 2875 Varronianus
1049 2806 1139 2900 quod
1166 2831 1247 2900 pro·

168 2925 272 2974 tracto
309 2904 414 2974 Servii
450 2905 638 2998 testimonio
677 2903 840 2972 ibidem
873 2903 972 2973 docui
1003 2908 1162 2974 Scauro
1195 2906 1247 2970 in-

171 3004 435 3097 scriptossuissc‚
460 3004 497 3070 id
523 3030 620 3096 qoam
647 3007 712 3071 vim
738 3029 776 3071 ac
792 3007 956 3072 rationem
976 3007 1106 3083 habeat,
1132 3005 1247 3097 paucis

168 3130 258 3171 nunc
285 3102 486 3195 significabo.
538 3106 689 3195 Namque
714 3105 856 3171 Scaurus
890 3103 948 3170 ille
980 3129 1049 3171 non
1084 3122 1133 3170 est
1164 3103 1246 3169 alius

170 3205 234 3269 nisi
264 3204 310 3269 M.
337 3200 551 3268 Aemilius
589 3202 800 3282 Scaurus,
832 3201 876 3268 de
911 3205 1002 3270 cuius
1029 3202 1250 3269 celeberrima

170 3302 520 3394 sumptuosissimaquc
545 3299 734 3382 aedilitate,
760 3326 847 3393 quae
873 3302 934 3368 suit
958 3328 985 3367 a.
1011 3301 1093 3381 695,
1119 3305 1153 3367 in
1178 3299 1252 3368 vul-

176 3426 234 3494 gus
262 3417 403 3467 constat:
429 3400 494 3468 boc
519 3420 629 3466 autem
653 3399 762 3491 ipsum
788 3399 1081 3492 cumreliquorum
1096 3399 1253 3466 ludorum

174 3519 242 3566 tam
275 3499 482 3564 scenicorum
515 3498 658 3565 studium
684 3498 901 3566 Scaurianum
922 3501 1108 3568 Varronem
1144 3502 1253 3579 movit,

175 3596 274 3665 atilli
291 3597 498 3689 potissimum
516 3622 573 3664 eos
587 3596 691 3663 libros
708 3596 893 3681 dedicaret,
920 3601 977 3691 qui
1001 3598 1127 3665 adrem
1146 3600 1256 3681 sceni-

176 3723 246 3766 cam
267 3698 405 3788 eiusque
423 3697 580 3790 origines,
605 3697 733 3789 quippe
760 3723 835 3763 cum
856 3696 944 3763 ludis
965 3697 1258 3778 coniunctissimas,

176 3812 376 3889 spectarent.
402 3797 512 3888 Atque
525 3795 600 3874 hoc,
626 3797 753 3862 tametsi
778 3813 827 3861 est
852 3798 885 3860 in
900 3798 1088 3864 coniectura
1103 3799 1259 3888 positum,

176 3916 287 3962 tamen
312 3910 359 3960 sat
377 3911 469 3960 certa
487 3918 559 3961 esse
578 3895 770 3962 coniectura
791 3896 960 3962 inventum
986 3897 1173 3988 apparebit,
1199 3896 1258 3962 ubi

177 3993 338 4059 librorum
364 3991 741 4085 logistoricorum
767 3995 935 4073 Varronis,
963 4021 1104 4087 quorum
1131 4014 1259 4087 partem

181 4094 279 4160 luisse
305 4090 349 4157 de
368 4097 513 4159 scenicis
536 4092 726 4184 originibus
751 4090 856 4159 libros
891 4095 1133 4174 contendimus,
1159 4094 1261 4160 ratio-

178 4217 239 4258 nes
272 4216 347 4257 curn
380 4190 489 4284 aliqua
512 4189 681 4284 diligentia
707 4190 1000 4282 exlrloraverimus.
1051 4191 1151 4276 Quod
1184 4218 1260 4258 cum

179 4315 246 4356 non
269 4289 421 4356 videatur
445 4291 541 4357 huius
573 4291 637 4358 Ioci
665 4315 754 4366 esse,
787 4291 974 4356 curabimus
1001 4309 1036 4357 ut
1057 4291 1262 4385 propediem

182 4391 236 4456 liat
261 4391 297 4454 in
323 4392 441 4457 Museo
467 4389 671 4482 plrilologico
697 4406 821 4457 nostro.

280 4498 387 4559 11314
417 4516 516 4583 quatu
554 4490 713 4556 rationem
746 4489 803 4552 inii
830 4485 1138 4578 cxpchendortun‚
1173 4515 1261 4580 quac

183 4584 272 4678 a'putl
300 4585 448 4654 Plinium
476 4613 652 4682 perperam
685 4589 868 4665 sociantur,
905 4588 1070 4658 nominum
1099 4590 1135 4654 L.
1161 4585 1264 4653 Ateio

184 4689 378 4778 Capitone,
402 4714 472 4754 eam
496 4691 570 4780 ipse
596 4712 649 4754 me
667 4686 823 4780 Bergkius
850 4711 960 4778 nuper
985 4691 1161 4756 certiorem
1187 4686 1266 4754 lecit
