2820 5332
431 743 464 785 n.
491 744 534 789 ou
561 741 687 785 aurare
706 742 837 795 rervm.
1127 720 1175 792 63

78 936 181 977 senex
206 913 241 975 in
265 910 393 977 Catone
419 913 545 981 maiore
572 912 708 980 Plautus
734 912 857 981 Naevio
885 900 1073 1004 copulatur,
1110 917 1176 982 sci·
1210 936 1213 944 ·

76 1027 157 1094 licet
188 1042 266 1118 post
300 1025 586 1107 Ennium-natus,
621 1045 770 1095 mortuus
796 1046 908 1094 autem
933 1053 962 1093 o.
991 1029 1079 1107 569,
1112 1029 1175 1099 hoe

81 1162 261 1232 estusque
296 1138 339 1206 ad
365 1142 451 1208 vitae
477 1168 597 1209 aunum
627 1159 781 1234 quartum
808 1160 841 1208 et
866 1143 1177 1235 quinquagesimum

80 1252 297 1349 progressus!
351 1258 424 1339 Quo
452 1258 519 1323 iam
543 1281 645 1349 supra
671 1257 718 1321 uti
744 1274 971 1349 potueramus.

179 1372 292 1437 Restat
317 1389 354 1437 ut
377 1391 572 1463 quaeratur,
599 1369 770 1464 quomodo
806 1373 841 1437 in
877 1397 915 1437 ea
947 1394 1034 1463 quaa
1060 1370 1177 1464 expio·

82 1487 225 1553 ravimus
252 1483 354 1551 Gellii
377 1480 650 1579 συγχρονισμοὶ
676 1505 862 1577 congruant
887 1485 945 1551 lib.
972 1485 1081 1562 xvll,
1108 1489 1176 1554 ‘212

82 1598 137 1668 Ac
162 1598 288 1665 deinde
310 1603 414 1665 antris
437 1605 525 1687 scre
544 1617 623 1691 post
649 1599 843 1690 quindecim
865 1600 988 1666 bollum
1013 1601 1177 1666 adversm

51 1708 54 1715 ’
81 1716 222 1782 Poenos
244 1732 412 1804 sumptum
438 1732 512 1781 cst:
538 1732 642 1806 atquc
660 1739 732 1779 non
747 1721 886 1781 niniium
905 1717 1009 1806 longe
1021 1719 1071 1783 M.
1088 1718 1176 1783 Cato

80 1848 204 1895 orator
225 1834 262 1894 in
288 1834 426 1896 civitate
452 1847 486 1896 et
500 1827 647 1898 Plautus
665 1847 771 1921 pocta
791 1835 829 1896 in
845 1856 951 1896 scena
961 1833 1175 1923 floruerunt.

80 1944 120 2010 In
149 1945 272 2035 quibus
294 1936 375 2035 post
399 1943 564 2036 particula
590 1968 659 2011 non
683 1961 794 2035 potest
818 1943 886 2011 alio
908 1945 1030 2010 rel'erri
1054 1945 1117 2010 uisi
1133 1944 1177 2010 ad

81 2059 268 2150 proximam
295 2083 381 2148 quac
406 2077 637 2150 praecesserat
662 2061 824 2151 temporis
846 2060 1063 2126 notationem.
1089 2060 1177 2125 Fue.

81 2190 133 2238 rat
159 2191 270 2239 autem
297 2171 354 2237 ille
380 2171 480 2241 haec:
516 2196 611 2239 unito
634 2172 863 2265 deindepost
888 2174 1032 2240 Romam
1057 2174 1178 2241 condi·

81 2302 155 2350 tam
192 2291 468 2380 quingentesimo
500 2287 761 2359 undevicesimo.
817 2291 930 2380 Atque
964 2290 1053 2354 inter
1087 2290 1178 2356 huno

81 2425 202 2468 annum
243 2419 278 2468 et
301 2403 426 2494 sumpti
454 2399 507 2468 vol
533 2403 643 2493 potius
669 2405 834 2494 resumpti
859 2401 1018 2470 adversus
1043 2408 1178 2470 Poenos

82 2515 164 2583 belli
189 2516 318 2581 initium
345 2517 366 2580 i.
395 2541 423 2581 e.
449 2541 572 2583 annum
595 2518 666 2585 535
692 2543 808 2584 revera
835 2518 1003 2584 interiecti
1028 2536 1104 2583 nint
1124 2544 1178 2584 su-

86 2631 196 2698 decim
223 2629 256 2698 h.
284 2654 312 2694 e.
329 2632 417 2715 fora
442 2629 636 2721 quindecim
663 2632 739 2696 anni
765 2628 807 2714 *).
848 2632 1050 2724 Ambiguum
1068 2651 1179 2698 nutem

84 2743 167 2810 illud
203 2762 269 2822 est,
304 2742 349 2808 ad
374 2762 483 2809 uunrn
511 2762 643 2836 tempus
677 2769 750 2810 non
777 2749 919 2810 nimium
942 2746 1047 2834 longe
1072 2747 1180 2812 uerba

88 2875 249 2950 spectent.
276 2859 373 2924 Licet
393 2860 548 2949 proiecto
574 2860 698 2927 utrovis
723 2858 826 2924 modo
842 2859 1068 2948 interpretari.
1095 2860 1179 2924 Nam

78 2975 239 3041 Catonem
265 2971 407 3067 quidem
433 2991 544 3039 natum
568 2976 692 3039 scimus
716 2998 743 3038 a.
768 2975 840 3044 5⁴19
866 2969 933 3058 (val
956 2975 1029 3042 5‘20
1042 2970 1177 3056 varro:

84 3085 151 3154 vid.
179 3088 249 3154 Cic.
276 3089 369 3154 Brut.
393 3087 478 3164 XV,
502 3090 559 3156 10.
585 3088 666 3165 XX,
692 3083 714 3153 6
739 3085 814 3153 coll.
841 3084 1003 3152 Ellendtii
1029 3090 1064 3153 in
1088 3090 1179 3152 Brut.

83 3202 216 3295 Proieg.
250 3228 287 3295 p.
323 3203 406 3267 XIX
432 3227 483 3293 sq.
509 3198 567 3285 **).
627 3203 691 3285 Qui
726 3227 800 3267 eum
835 3220 911 3268 ante
944 3205 1029 3269 vitae
1056 3227 1180 3268 anmun

85 3316 376 3410 quadragesimum
402 3317 455 3381 vix
480 3315 629 3406 potnerit
649 3316 801 3380 floruisse
828 3314 907 3392 diei,
941 3314 1045 3406 idque
1071 3316 1180 3383 minuc

87 3434 186 3499 etiam
210 3446 394 3523 propterea
436 3428 528 3520 quod
556 3428 598 3495 ad
626 3430 816 3521 proximum
839 3427 1007 3494 saeculum
1030 3430 1101 3495 eius
1127 3451 1182 3494 uo·

83 3565 129 3611 us
151 3546 333 3638 pertinuit,
369 3542 526 3609 videmur
558 3545 592 3609 io
632 3567 754 3608 annum
795 3543 930 3609 circiter
956 3541 1029 3611 560
1051 3543 1190 3610 vocarit·
1292 3586 1297 3597 ·

87 3661 145 3752 qui
179 3683 256 3725 eum
289 3657 333 3723 ab
358 3683 385 3725 a.
413 3656 485 3727 519
512 3657 583 3723 sero
610 3656 846 3751 quadraginta,
884 3658 925 3723 ab
961 3660 1035 3726 535
1071 3677 1181 3727 auten

85 3773 199 3865 viginti
225 3772 377 3864 quinque
403 3796 567 3838 annorum
587 3775 696 3863 spatio
723 3771 910 3865 diremptus
934 3774 987 3852 sit,
1026 3790 1182 3839 neutrum

90 3903 200 3953 tamen
225 3887 369 3976 spatium
396 3902 446 3953 est
469 3884 653 3966 eiusmodi,
690 3886 773 3976 quin
798 3911 873 3951 eum
899 3885 1090 3977 ‹prindeeim
1117 3883 1182 3952 illis

91 4002 183 4066 aunis
209 4017 438 4093 comparatum
467 4016 500 4065 et
526 4000 654 4093 opponi
679 4018 834 4095 tanquam
871 3998 1004 4092 longius
1037 4001 1183 4071 breviori

90 4135 122 4183 ct
145 4141 213 4183 non
237 4116 336 4180 nimis
362 4114 499 4215 longum
527 4112 595 4181 diei
622 4131 732 4205 queat.
784 4113 890 4178 Vides
921 4138 990 4180 uon
1014 4116 1183 4210 aptissime

91 4228 141 4297 vei
163 4230 317 4296 Plautum
344 4253 384 4296 eo
408 4245 562 4320 tempore
586 4226 836 4318 sexagenarium
857 4227 975 4293 Catoni
1001 4229 1103 4322 iungi,
1130 4229 1183 4301 vel

142 4451 168 4514 ⁹)
188 4449 252 4499 vide
271 4448 431 4514 Epimetrunr
450 4445 494 4497 ΙΙΙ.

123 4537 164 4602 ”J
193 4533 334 4585 Sciendum
356 4539 396 4583 est
411 4533 488 4595 eninr,
505 4545 557 4582 non
575 4530 649 4589 Livii,
669 4533 714 4581 sed
734 4531 869 4584 Ciceronis
889 4548 936 4586 noa
956 4534 1071 4586 cute-ulos
1089 4539 1182 4604 sequi:

191 4621 236 4688 qut
255 4617 385 4686 quomodo
405 4617 542 4681 differunt,
568 4627 628 4685 post
654 4618 719 4671 alios
737 4619 858 4684 meyerus
884 4626 1004 4706 exposuit
1025 4622 1092 4674 Oret.
1112 4623 1185 4680 Rom.

194 4707 286 4777 tuga,
306 4722 332 4779 p.
354 4706 397 4757 15.
