<?xml version="1.0" encoding="UTF-8"?>
<!DOCTYPE html PUBLIC "-//W3C//DTD XHTML 1.0 Transitional//EN"
    "http://www.w3.org/TR/xhtml1/DTD/xhtml1-transitional.dtd">
<html xmlns="http://www.w3.org/1999/xhtml" xml:lang="en" lang="en">
 <head>
  <title>
</title>
<meta http-equiv="Content-Type" content="text/html;charset=utf-8" />
  <meta name='ocr-system' content='tesseract 3.04.00' />
  <meta name='ocr-capabilities' content='ocr_page ocr_carea ocr_par ocr_line ocrx_word'/>
</head>
<body>
  <div class='ocr_page' id='page_1' title='image "./parergonplautin01ritsgoog_0450.png"; bbox 0 0 2820 5332; ppageno 0'>
   <div class='ocr_carea' id='block_1_1' title="bbox 79 39 1389 304">
    <p class='ocr_par' dir='ltr' id='par_1_1' title="bbox 79 39 1389 304">
     <span class='ocr_line' id='line_1_1' title="bbox 79 39 1389 304; baseline 0.008 -10"><span class='ocrx_word' id='word_1_1' title='bbox 79 39 1389 304; x_wconf 67' lang='lat' dir='ltr'>u</span> 
     </span>
    </p>
   </div>
   <div class='ocr_carea' id='block_1_2' title="bbox 587 681 1247 756">
    <p class='ocr_par' dir='ltr' id='par_1_2' title="bbox 587 681 1247 756">
     <span class='ocr_line' id='line_1_2' title="bbox 587 681 1247 756; baseline 0.014 -10"><span class='ocrx_word' id='word_1_2' title='bbox 587 704 806 749; x_wconf 78' lang='lat' dir='ltr'><strong>anccnmmvs.</strong></span> <span class='ocrx_word' id='word_1_3' title='bbox 1175 681 1247 756; x_wconf 79' lang='grc'><strong>409</strong></span> 
     </span>
    </p>
   </div>
   <div class='ocr_carea' id='block_1_3' title="bbox 160 873 1247 2213">
    <p class='ocr_par' dir='ltr' id='par_1_3' title="bbox 160 873 1247 2213">
     <span class='ocr_line' id='line_1_3' title="bbox 163 873 1242 975; baseline 0.011 -39"><span class='ocrx_word' id='word_1_4' title='bbox 163 898 261 964; x_wconf 87' lang='lat' dir='ltr'><strong>quam</strong></span> <span class='ocrx_word' id='word_1_5' title='bbox 284 898 355 938; x_wconf 89' lang='lat' dir='ltr'><strong>rem</strong></span> <span class='ocrx_word' id='word_1_6' title='bbox 381 873 489 938; x_wconf 85' lang='lat' dir='ltr'><strong>tritam</strong></span> <span class='ocrx_word' id='word_1_7' title='bbox 514 893 550 975; x_wconf 65' lang='lat' dir='ltr'><strong>et</strong></span> <span class='ocrx_word' id='word_1_8' title='bbox 571 874 795 966; x_wconf 74' lang='lat' dir='ltr'><strong>pervulgatam</strong></span> <span class='ocrx_word' id='word_1_9' title='bbox 823 875 913 943; x_wconf 82' lang='lat' dir='ltr'><strong>illico</strong></span> <span class='ocrx_word' id='word_1_10' title='bbox 932 877 1124 947; x_wconf 80' lang='lat' dir='ltr'><strong>recordatos</strong></span> <span class='ocrx_word' id='word_1_11' title='bbox 1151 881 1242 973; x_wconf 78' lang='lat' dir='ltr'><strong>cogi-</strong></span> 
     </span>
     <span class='ocr_line' id='line_1_4' title="bbox 162 989 1247 1085; baseline 0.008 -32"><span class='ocrx_word' id='word_1_12' title='bbox 162 1006 277 1053; x_wconf 89' lang='lat' dir='ltr'><strong>tamus.</strong></span> <span class='ocrx_word' id='word_1_13' title='bbox 331 989 426 1053; x_wconf 86' lang='lat' dir='ltr'><strong>Haud</strong></span> <span class='ocrx_word' id='word_1_14' title='bbox 465 989 634 1055; x_wconf 85' lang='lat' dir='ltr'><strong>dissimilis</strong></span> <span class='ocrx_word' id='word_1_15' title='bbox 669 991 777 1080; x_wconf 88' lang='lat' dir='ltr'><strong>aliqua</strong></span> <span class='ocrx_word' id='word_1_16' title='bbox 817 1017 857 1057; x_wconf 84' lang='lat' dir='ltr'><strong>ex</strong></span> <span class='ocrx_word' id='word_1_17' title='bbox 891 1012 986 1085; x_wconf 75' lang='lat' dir='ltr'><strong>parte</strong></span> <span class='ocrx_word' id='word_1_18' title='bbox 1014 995 1096 1060; x_wconf 89' lang='lat' dir='ltr'><strong>ratio</strong></span> <span class='ocrx_word' id='word_1_19' title='bbox 1124 1012 1173 1060; x_wconf 87' lang='lat' dir='ltr'><strong>ast</strong></span> <span class='ocrx_word' id='word_1_20' title='bbox 1193 1021 1247 1062; x_wconf 85' lang='lat' dir='ltr'><strong>rc·</strong></span> 
     </span>
     <span class='ocr_line' id='line_1_5' title="bbox 163 1103 767 1196; baseline 0.008 -28"><span class='ocrx_word' id='word_1_21' title='bbox 163 1105 276 1196; x_wconf 85' lang='lat' dir='ltr'><strong>spousi</strong></span> <span class='ocrx_word' id='word_1_22' title='bbox 302 1105 333 1167; x_wconf 88' lang='lat' dir='ltr'><strong>iu</strong></span> <span class='ocrx_word' id='word_1_23' title='bbox 361 1104 456 1168; x_wconf 73' lang='lat' dir='ltr'><strong>Milic</strong></span> <span class='ocrx_word' id='word_1_24' title='bbox 484 1103 565 1196; x_wconf 77' lang='lat' dir='ltr'><strong>glor.</strong></span> <span class='ocrx_word' id='word_1_25' title='bbox 592 1107 618 1182; x_wconf 86' lang='lat' dir='ltr'><strong>l,</strong></span> <span class='ocrx_word' id='word_1_26' title='bbox 648 1113 677 1190; x_wconf 85' lang='lat' dir='ltr'><strong>l,</strong></span> <span class='ocrx_word' id='word_1_27' title='bbox 704 1110 767 1178; x_wconf 76' lang='lat' dir='ltr'><strong>(iit</strong></span> 
     </span>
     <span class='ocr_line' id='line_1_6' title="bbox 260 1218 1141 1314; baseline 0.006 -31"><span class='ocrx_word' id='word_1_28' title='bbox 260 1218 492 1308; x_wconf 80' lang='lat' dir='ltr'><strong>Rogitabont:</strong></span> <span class='ocrx_word' id='word_1_29' title='bbox 522 1221 634 1285; x_wconf 66' lang='lat' dir='ltr'><strong>hichie</strong></span> <span class='ocrx_word' id='word_1_30' title='bbox 660 1219 810 1287; x_wconf 77' lang='lat' dir='ltr'><strong>Achilles</strong></span> <span class='ocrx_word' id='word_1_31' title='bbox 832 1238 892 1301; x_wconf 88' lang='lat' dir='ltr'><strong>est,</strong></span> <span class='ocrx_word' id='word_1_32' title='bbox 918 1226 1030 1314; x_wconf 81' lang='lat' dir='ltr'><strong>inquit</strong></span> <span class='ocrx_word' id='word_1_33' title='bbox 1051 1222 1141 1288; x_wconf 78' lang='lat' dir='ltr'><strong>miti.</strong></span> 
     </span>
     <span class='ocr_line' id='line_1_7' title="bbox 260 1336 845 1429; baseline 0 -26"><span class='ocrx_word' id='word_1_34' title='bbox 260 1338 370 1403; x_wconf 86' lang='lat' dir='ltr'><strong>Immo</strong></span> <span class='ocrx_word' id='word_1_35' title='bbox 396 1340 467 1400; x_wconf 82' lang='lat' dir='ltr'><strong>cius</strong></span> <span class='ocrx_word' id='word_1_36' title='bbox 481 1340 615 1422; x_wconf 79' lang='lat' dir='ltr'><strong>frater,</strong></span> <span class='ocrx_word' id='word_1_37' title='bbox 642 1342 788 1429; x_wconf 82' lang='lat' dir='ltr'><strong>inquom.</strong></span> <span class='ocrx_word' id='word_1_38' title='bbox 815 1336 845 1423; x_wconf 83' lang='lat'><strong>*)</strong></span> 
     </span>
     <span class='ocr_line' id='line_1_8' title="bbox 165 1449 1246 1545; baseline -0.003 -24"><span class='ocrx_word' id='word_1_39' title='bbox 165 1453 276 1545; x_wconf 79' lang='lat' dir='ltr'><strong>Atque</strong></span> <span class='ocrx_word' id='word_1_40' title='bbox 303 1452 385 1517; x_wconf 88' lang='lat' dir='ltr'><strong>haee</strong></span> <span class='ocrx_word' id='word_1_41' title='bbox 412 1449 575 1542; x_wconf 75' lang='lat' dir='ltr'>disputavi</span> <span class='ocrx_word' id='word_1_42' title='bbox 607 1453 695 1518; x_wconf 85' lang='lat' dir='ltr'><strong>velut</strong></span> <span class='ocrx_word' id='word_1_43' title='bbox 734 1472 827 1519; x_wconf 83' lang='lat' dir='ltr'><strong>certo</strong></span> <span class='ocrx_word' id='word_1_44' title='bbox 857 1451 1073 1519; x_wconf 81' lang='lat' dir='ltr'><strong>fundamento</strong></span> <span class='ocrx_word' id='word_1_45' title='bbox 1097 1454 1163 1520; x_wconf 85' lang='lat' dir='ltr'><strong>hoc</strong></span> <span class='ocrx_word' id='word_1_46' title='bbox 1195 1456 1246 1519; x_wconf 87' lang='lat' dir='ltr'><strong>ni·</strong></span> 
     </span>
     <span class='ocr_line' id='line_1_9' title="bbox 167 1567 1244 1660; baseline 0.003 -26"><span class='ocrx_word' id='word_1_47' title='bbox 167 1586 259 1644; x_wconf 88' lang='lat' dir='ltr'><strong>tens,</strong></span> <span class='ocrx_word' id='word_1_48' title='bbox 296 1567 390 1659; x_wconf 88' lang='lat' dir='ltr'><strong>quasi</strong></span> <span class='ocrx_word' id='word_1_49' title='bbox 420 1590 487 1632; x_wconf 93' lang='lat' dir='ltr'><strong>non</strong></span> <span class='ocrx_word' id='word_1_50' title='bbox 522 1585 734 1633; x_wconf 76' lang='lat' dir='ltr'><strong>controversa</strong></span> <span class='ocrx_word' id='word_1_51' title='bbox 769 1570 942 1660; x_wconf 79' lang='lat' dir='ltr'><strong>Megabyzi</strong></span> <span class='ocrx_word' id='word_1_52' title='bbox 976 1572 1073 1634; x_wconf 78' lang='lat' dir='ltr'><strong>vei‘su</strong></span> <span class='ocrx_word' id='word_1_53' title='bbox 1095 1568 1244 1637; x_wconf 85' lang='lat' dir='ltr'><strong>Plautino</strong></span> 
     </span>
     <span class='ocr_line' id='line_1_10' title="bbox 164 1683 1245 1776; baseline 0.004 -29"><span class='ocrx_word' id='word_1_54' title='bbox 164 1684 289 1747; x_wconf 80' lang='lat' dir='ltr'><strong>mentio</strong></span> <span class='ocrx_word' id='word_1_55' title='bbox 314 1698 405 1747; x_wconf 86' lang='lat' dir='ltr'><strong>esset</strong></span> <span class='ocrx_word' id='word_1_56' title='bbox 456 1684 500 1748; x_wconf 85' lang='lat' dir='ltr'><strong>At</strong></span> <span class='ocrx_word' id='word_1_57' title='bbox 536 1707 617 1748; x_wconf 83' lang='lat' dir='ltr'><strong>vero</strong></span> <span class='ocrx_word' id='word_1_58' title='bbox 654 1686 688 1748; x_wconf 91' lang='lat' dir='ltr'><strong>in</strong></span> <span class='ocrx_word' id='word_1_59' title='bbox 713 1683 867 1749; x_wconf 79' lang='lat' dir='ltr'>Palatinis</span> <span class='ocrx_word' id='word_1_60' title='bbox 895 1683 988 1749; x_wconf 87' lang='lat' dir='ltr'><strong>libris</strong></span> <span class='ocrx_word' id='word_1_61' title='bbox 1013 1686 1245 1776; x_wconf 82' lang='lat' dir='ltr'><strong>Lipsiensiqoc</strong></span> 
     </span>
     <span class='ocr_line' id='line_1_11' title="bbox 162 1795 1242 1889; baseline 0.002 -27"><span class='ocrx_word' id='word_1_62' title='bbox 162 1816 212 1863; x_wconf 87' lang='lat' dir='ltr'><strong>cst</strong></span> <span class='ocrx_word' id='word_1_63' title='bbox 244 1795 467 1886; x_wconf 79' lang='lat' dir='ltr'><strong>nzegoloboli,</strong></span> <span class='ocrx_word' id='word_1_64' title='bbox 505 1798 538 1861; x_wconf 91' lang='lat' dir='ltr'><strong>in</strong></span> <span class='ocrx_word' id='word_1_65' title='bbox 574 1800 756 1864; x_wconf 87' lang='lat' dir='ltr'><strong>veterrimis</strong></span> <span class='ocrx_word' id='word_1_66' title='bbox 791 1799 991 1865; x_wconf 77' lang='lat' dir='ltr'><strong>editionibus</strong></span> <span class='ocrx_word' id='word_1_67' title='bbox 1018 1799 1242 1889; x_wconf 74' lang='lat' dir='ltr'><strong>niegoloboli:</strong></span> 
     </span>
     <span class='ocr_line' id='line_1_12' title="bbox 160 1910 1242 2004; baseline 0.006 -29"><span class='ocrx_word' id='word_1_68' title='bbox 160 1910 440 2004; x_wconf 81' lang='lat' dir='ltr'>quemadmodum</span> <span class='ocrx_word' id='word_1_69' title='bbox 463 1913 497 1976; x_wconf 90' lang='lat' dir='ltr'><strong>in</strong></span> <span class='ocrx_word' id='word_1_70' title='bbox 522 1912 640 1978; x_wconf 85' lang='lat' dir='ltr'><strong>iisdem</strong></span> <span class='ocrx_word' id='word_1_71' title='bbox 665 1914 851 1980; x_wconf 81' lang='lat' dir='ltr'><strong>Nicobulus</strong></span> <span class='ocrx_word' id='word_1_72' title='bbox 876 1917 1034 1982; x_wconf 71' lang='lat' dir='ltr'><strong>scribitur</strong></span> <span class='ocrx_word' id='word_1_73' title='bbox 1061 1915 1242 1982; x_wconf 82' lang='lat' dir='ltr'><strong>nicobolus.</strong></span> 
     </span>
     <span class='ocr_line' id='line_1_13' title="bbox 161 2027 1242 2123; baseline 0.004 -29"><span class='ocrx_word' id='word_1_74' title='bbox 161 2029 244 2094; x_wconf 88' lang='lat' dir='ltr'><strong>Nam</strong></span> <span class='ocrx_word' id='word_1_75' title='bbox 273 2027 365 2120; x_wconf 87' lang='lat' dir='ltr'><strong>qnod</strong></span> <span class='ocrx_word' id='word_1_76' title='bbox 390 2033 511 2094; x_wconf 84' lang='lat' dir='ltr'><strong>Parcus</strong></span> <span class='ocrx_word' id='word_1_77' title='bbox 538 2056 578 2094; x_wconf 79' lang='lat' dir='ltr'><strong>ex</strong></span> <span class='ocrx_word' id='word_1_78' title='bbox 605 2029 757 2096; x_wconf 78' lang='lat' dir='ltr'><strong>Palatinis</strong></span> <span class='ocrx_word' id='word_1_79' title='bbox 784 2031 1001 2122; x_wconf 81' lang='lat' dir='ltr'><strong>Megalobosi</strong></span> <span class='ocrx_word' id='word_1_80' title='bbox 1029 2032 1122 2098; x_wconf 80' lang='lat' dir='ltr'><strong>affert</strong></span> <span class='ocrx_word' id='word_1_81' title='bbox 1139 2031 1242 2123; x_wconf 79' lang='lat' dir='ltr'><strong>idque</strong></span> 
     </span>
     <span class='ocr_line' id='line_1_14' title="bbox 164 2145 1243 2213; baseline 0.001 -2"><span class='ocrx_word' id='word_1_82' title='bbox 164 2170 220 2211; x_wconf 88' lang='lat' dir='ltr'><strong>eos</strong></span> <span class='ocrx_word' id='word_1_83' title='bbox 256 2163 370 2210; x_wconf 87' lang='lat' dir='ltr'><strong>tenere</strong></span> <span class='ocrx_word' id='word_1_84' title='bbox 406 2170 537 2212; x_wconf 87' lang='lat' dir='ltr'><strong>omnem</strong></span> <span class='ocrx_word' id='word_1_85' title='bbox 574 2145 676 2212; x_wconf 88' lang='lat' dir='ltr'>fidem</span> <span class='ocrx_word' id='word_1_86' title='bbox 709 2164 844 2213; x_wconf 88' lang='lat' dir='ltr'><strong>testatur</strong></span> <span class='ocrx_word' id='word_1_87' title='bbox 870 2149 904 2212; x_wconf 92' lang='lat' dir='ltr'><strong>in</strong></span> <span class='ocrx_word' id='word_1_88' title='bbox 930 2146 1076 2212; x_wconf 86' lang='lat' dir='ltr'><strong>Analect.</strong></span> <span class='ocrx_word' id='word_1_89' title='bbox 1103 2146 1243 2212; x_wconf 87' lang='lat' dir='ltr'><strong>Plautio.</strong></span> 
     </span>
    </p>
   </div>
   <div class='ocr_carea' id='block_1_4' title="bbox 133 2242 1243 2356">
    <p class='ocr_par' dir='ltr' id='par_1_4' title="bbox 133 2242 1243 2356">
     <span class='ocr_line' id='line_1_15' title="bbox 133 2242 1243 2356; baseline -0.003 -26"><span class='ocrx_word' id='word_1_90' title='bbox 133 2242 197 2354; x_wconf 72' lang='lat' dir='ltr'><strong>¹p.</strong></span> <span class='ocrx_word' id='word_1_91' title='bbox 223 2263 312 2330; x_wconf 70' lang='lat'><strong>395:</strong></span> <span class='ocrx_word' id='word_1_92' title='bbox 349 2259 393 2326; x_wconf 89' lang='lat' dir='ltr'><strong>de</strong></span> <span class='ocrx_word' id='word_1_93' title='bbox 431 2285 471 2326; x_wconf 93' lang='lat' dir='ltr'><strong>eo</strong></span> <span class='ocrx_word' id='word_1_94' title='bbox 504 2260 698 2352; x_wconf 77' lang='lat' dir='ltr'><strong>diligentem</strong></span> <span class='ocrx_word' id='word_1_95' title='bbox 720 2261 843 2356; x_wconf 82' lang='lat' dir='ltr'><strong>alioqui</strong></span> <span class='ocrx_word' id='word_1_96' title='bbox 871 2263 1042 2329; x_wconf 87' lang='lat' dir='ltr'><strong>hominem</strong></span> <span class='ocrx_word' id='word_1_97' title='bbox 1070 2261 1243 2328; x_wconf 88' lang='lat' dir='ltr'><strong>oculorum</strong></span> 
     </span>
    </p>
   </div>
   <div class='ocr_carea' id='block_1_5' title="bbox 156 2374 1244 3394">
    <p class='ocr_par' dir='ltr' id='par_1_5' title="bbox 156 2374 1244 3394">
     <span class='ocr_line' id='line_1_16' title="bbox 162 2374 1244 2468; baseline 0.001 -26"><span class='ocrx_word' id='word_1_98' title='bbox 162 2379 249 2442; x_wconf 87' lang='lat' dir='ltr'><strong>acies</strong></span> <span class='ocrx_word' id='word_1_99' title='bbox 281 2374 407 2441; x_wconf 79' lang='lat' dir='ltr'><strong>fefellit.</strong></span> <span class='ocrx_word' id='word_1_100' title='bbox 456 2374 647 2466; x_wconf 80' lang='lat' dir='ltr'><strong>Megabyzi</strong></span> <span class='ocrx_word' id='word_1_101' title='bbox 677 2403 800 2444; x_wconf 88' lang='lat' dir='ltr'><strong>nomen</strong></span> <span class='ocrx_word' id='word_1_102' title='bbox 833 2381 959 2468; x_wconf 86' lang='lat' dir='ltr'><strong>primus</strong></span> <span class='ocrx_word' id='word_1_103' title='bbox 1000 2377 1244 2444; x_wconf 89' lang='lat' dir='ltr'><strong>commendavit</strong></span> 
     </span>
     <span class='ocr_line' id='line_1_17' title="bbox 160 2492 1243 2587; baseline -0.001 -29"><span class='ocrx_word' id='word_1_104' title='bbox 160 2495 246 2571; x_wconf 87' lang='lat' dir='ltr'><strong>Pius,</strong></span> <span class='ocrx_word' id='word_1_105' title='bbox 273 2492 360 2557; x_wconf 88' lang='lat' dir='ltr'><strong>baud</strong></span> <span class='ocrx_word' id='word_1_106' title='bbox 387 2494 631 2559; x_wconf 87' lang='lat' dir='ltr'><strong>contemnenda</strong></span> <span class='ocrx_word' id='word_1_107' title='bbox 665 2519 728 2587; x_wconf 86' lang='lat' dir='ltr'><strong>pro</strong></span> <span class='ocrx_word' id='word_1_108' title='bbox 762 2493 849 2561; x_wconf 89' lang='lat' dir='ltr'><strong>illius</strong></span> <span class='ocrx_word' id='word_1_109' title='bbox 888 2498 1000 2560; x_wconf 88' lang='lat' dir='ltr'><strong>aetatis</strong></span> <span class='ocrx_word' id='word_1_110' title='bbox 1033 2496 1162 2561; x_wconf 89' lang='lat' dir='ltr'><strong>ratione</strong></span> <span class='ocrx_word' id='word_1_111' title='bbox 1192 2494 1243 2559; x_wconf 82' lang='lat' dir='ltr'><strong>vir</strong></span> 
     </span>
     <span class='ocr_line' id='line_1_18' title="bbox 161 2608 1241 2689; baseline 0.001 -16"><span class='ocrx_word' id='word_1_112' title='bbox 161 2608 365 2689; x_wconf 77' lang='lat' dir='ltr'><strong>eruditione,</strong></span> <span class='ocrx_word' id='word_1_113' title='bbox 404 2608 464 2674; x_wconf 87' lang='lat' dir='ltr'><strong>sed</strong></span> <span class='ocrx_word' id='word_1_114' title='bbox 489 2608 565 2674; x_wconf 89' lang='lat' dir='ltr'><strong>rudi</strong></span> <span class='ocrx_word' id='word_1_115' title='bbox 593 2628 625 2676; x_wconf 92' lang='lat' dir='ltr'><strong>et</strong></span> <span class='ocrx_word' id='word_1_116' title='bbox 649 2609 829 2689; x_wconf 82' lang='lat' dir='ltr'><strong>incondita,</strong></span> <span class='ocrx_word' id='word_1_117' title='bbox 857 2612 891 2675; x_wconf 91' lang='lat' dir='ltr'><strong>in</strong></span> <span class='ocrx_word' id='word_1_118' title='bbox 915 2613 1006 2677; x_wconf 89' lang='lat' dir='ltr'><strong>euius</strong></span> <span class='ocrx_word' id='word_1_119' title='bbox 1031 2611 1241 2676; x_wconf 80' lang='lat' dir='ltr'><strong>annotatione</strong></span> 
     </span>
     <span class='ocr_line' id='line_1_19' title="bbox 161 2723 1242 2818; baseline 0 -30"><span class='ocrx_word' id='word_1_120' title='bbox 161 2723 270 2801; x_wconf 89' lang='lat' dir='ltr'><strong>Plinii,</strong></span> <span class='ocrx_word' id='word_1_121' title='bbox 298 2723 474 2804; x_wconf 82' lang='lat' dir='ltr'><strong>Plutarchi,</strong></span> <span class='ocrx_word' id='word_1_122' title='bbox 498 2723 636 2803; x_wconf 80' lang='lat' dir='ltr'><strong>Aeliani,</strong></span> <span class='ocrx_word' id='word_1_123' title='bbox 660 2728 838 2818; x_wconf 83' lang='lat' dir='ltr'><strong>Diogenis,</strong></span> <span class='ocrx_word' id='word_1_124' title='bbox 865 2726 1073 2806; x_wconf 86' lang='lat' dir='ltr'><strong>Quintiliani,</strong></span> <span class='ocrx_word' id='word_1_125' title='bbox 1097 2725 1242 2815; x_wconf 80' lang='lat' dir='ltr'><strong>Appiani</strong></span> 
     </span>
     <span class='ocr_line' id='line_1_20' title="bbox 164 2836 1242 2929; baseline 0 -27"><span class='ocrx_word' id='word_1_126' title='bbox 164 2836 208 2902; x_wconf 88' lang='lat' dir='ltr'><strong>dc</strong></span> <span class='ocrx_word' id='word_1_127' title='bbox 235 2840 424 2929; x_wconf 80' lang='lat' dir='ltr'><strong>illegabyzis</strong></span> <span class='ocrx_word' id='word_1_128' title='bbox 451 2841 636 2905; x_wconf 81' lang='lat' dir='ltr'><strong>testimonia</strong></span> <span class='ocrx_word' id='word_1_129' title='bbox 663 2839 844 2905; x_wconf 86' lang='lat' dir='ltr'><strong>afferuntur</strong></span> <span class='ocrx_word' id='word_1_130' title='bbox 869 2841 996 2922; x_wconf 78' lang='lat' dir='ltr'><strong>omuia3</strong></span> <span class='ocrx_word' id='word_1_131' title='bbox 1022 2841 1056 2903; x_wconf 92' lang='lat' dir='ltr'><strong>in</strong></span> <span class='ocrx_word' id='word_1_132' title='bbox 1078 2839 1242 2904; x_wconf 88' lang='lat' dir='ltr'><strong>continui-</strong></span> 
     </span>
     <span class='ocr_line' id='line_1_21' title="bbox 163 2939 1242 3045; baseline 0 -27"><span class='ocrx_word' id='word_1_133' title='bbox 163 2939 260 3019; x_wconf 81' lang='lat' dir='ltr'><strong>tatem</strong></span> <span class='ocrx_word' id='word_1_134' title='bbox 288 2970 397 3017; x_wconf 87' lang='lat' dir='ltr'><strong>autem</strong></span> <span class='ocrx_word' id='word_1_135' title='bbox 421 2955 599 3020; x_wconf 85' lang='lat' dir='ltr'><strong>verborum</strong></span> <span class='ocrx_word' id='word_1_136' title='bbox 627 2956 720 3019; x_wconf 88' lang='lat' dir='ltr'><strong>Pium</strong></span> <span class='ocrx_word' id='word_1_137' title='bbox 753 2957 856 3020; x_wconf 85' lang='lat' dir='ltr'><strong>secuti</strong></span> <span class='ocrx_word' id='word_1_138' title='bbox 881 2970 1085 3045; x_wconf 83' lang='lat' dir='ltr'><strong>receperunt</strong></span> <span class='ocrx_word' id='word_1_139' title='bbox 1106 2951 1242 3019; x_wconf 87' lang='lat' dir='ltr'><strong>Beroal-</strong></span> 
     </span>
     <span class='ocr_line' id='line_1_22' title="bbox 161 3067 1241 3162; baseline 0 -29"><span class='ocrx_word' id='word_1_140' title='bbox 161 3068 239 3146; x_wconf 75' lang='lat' dir='ltr'><strong>dm,</strong></span> <span class='ocrx_word' id='word_1_141' title='bbox 266 3067 427 3161; x_wconf 80' lang='lat' dir='ltr'><strong>Pylades,</strong></span> <span class='ocrx_word' id='word_1_142' title='bbox 451 3069 627 3160; x_wconf 78' lang='lat' dir='ltr'><strong>Vgoletus,</strong></span> <span class='ocrx_word' id='word_1_143' title='bbox 662 3071 912 3162; x_wconf 84' lang='lat' dir='ltr'><strong>Carpeutarius,</strong></span> <span class='ocrx_word' id='word_1_144' title='bbox 937 3069 1094 3162; x_wconf 80' lang='lat' dir='ltr'><strong>Angelius</strong></span> <span class='ocrx_word' id='word_1_145' title='bbox 1133 3068 1241 3154; x_wconf 89' lang='lat' dir='ltr'><strong>(cuius</strong></span> 
     </span>
     <span class='ocr_line' id='line_1_23' title="bbox 160 3170 1241 3276; baseline 0 -27"><span class='ocrx_word' id='word_1_146' title='bbox 160 3184 351 3275; x_wconf 77' lang='lat' dir='ltr'><strong>eseuiplum</strong></span> <span class='ocrx_word' id='word_1_147' title='bbox 379 3185 543 3249; x_wconf 89' lang='lat' dir='ltr'><strong>lautianm</strong></span> <span class='ocrx_word' id='word_1_148' title='bbox 568 3187 733 3251; x_wconf 80' lang='lat' dir='ltr'><strong>lllcursius</strong></span> <span class='ocrx_word' id='word_1_149' title='bbox 753 3170 914 3276; x_wconf 79' lang='lat' dir='ltr'><strong>siguificat</strong></span> <span class='ocrx_word' id='word_1_150' title='bbox 935 3184 977 3250; x_wconf 88' lang='lat' dir='ltr'><strong>dc</strong></span> <span class='ocrx_word' id='word_1_151' title='bbox 992 3204 1103 3250; x_wconf 80' lang='lat' dir='ltr'><strong>vetere</strong></span> <span class='ocrx_word' id='word_1_152' title='bbox 1124 3182 1241 3250; x_wconf 88' lang='lat' dir='ltr'><strong>codice</strong></span> 
     </span>
     <span class='ocr_line' id='line_1_24' title="bbox 156 3293 1241 3394; baseline 0 -30"><span class='ocrx_word' id='word_1_153' title='bbox 156 3293 329 3391; x_wconf 79' lang='lat' dir='ltr'><strong>loquensl,</strong></span> <span class='ocrx_word' id='word_1_154' title='bbox 354 3301 459 3367; x_wconf 87' lang='lat' dir='ltr'><strong>Lucas</strong></span> <span class='ocrx_word' id='word_1_155' title='bbox 490 3298 718 3381; x_wconf 87' lang='lat' dir='ltr'><strong>Olcbineusis,</strong></span> <span class='ocrx_word' id='word_1_156' title='bbox 745 3300 870 3380; x_wconf 75' lang='lat' dir='ltr'><strong>Aldus,</strong></span> <span class='ocrx_word' id='word_1_157' title='bbox 905 3302 1011 3394; x_wconf 83' lang='lat' dir='ltr'><strong>recipi</strong></span> <span class='ocrx_word' id='word_1_158' title='bbox 1034 3301 1127 3366; x_wconf 87' lang='lat' dir='ltr'><strong>iussit</strong></span> <span class='ocrx_word' id='word_1_159' title='bbox 1151 3303 1241 3365; x_wconf 87' lang='lat' dir='ltr'><strong>Tur-</strong></span> 
     </span>
    </p>
   </div>
   <div class='ocr_carea' id='block_1_6' title="bbox 165 3485 337 3497">
    <p class='ocr_par' dir='ltr' id='par_1_6' title="bbox 165 3485 337 3497">
     <span class='ocr_line' id='line_1_25' title="bbox 165 3485 337 3497; baseline 0.006 -1"><span class='ocrx_word' id='word_1_160' title='bbox 165 3485 290 3496; x_wconf 54' lang='grc' dir='ltr'><strong>-ιοοι</strong></span> <span class='ocrx_word' id='word_1_161' title='bbox 336 3494 337 3497; x_wconf 68' lang='grc'>,</span> 
     </span>
    </p>
   </div>
   <div class='ocr_carea' id='block_1_7' title="bbox 212 3571 1241 4603">
    <p class='ocr_par' dir='ltr' id='par_1_7' title="bbox 212 3571 1241 4427">
     <span class='ocr_line' id='line_1_26' title="bbox 212 3571 1241 3642; baseline 0.006 -22"><span class='ocrx_word' id='word_1_162' title='bbox 212 3576 239 3639; x_wconf 68' lang='lat' dir='ltr'><strong>‘j</strong></span> <span class='ocrx_word' id='word_1_163' title='bbox 267 3571 360 3622; x_wconf 82' lang='lat' dir='ltr'><strong>llorum</strong></span> <span class='ocrx_word' id='word_1_164' title='bbox 381 3571 465 3638; x_wconf 83' lang='lat' dir='ltr'><strong>priore</strong></span> <span class='ocrx_word' id='word_1_165' title='bbox 484 3589 602 3624; x_wconf 81' lang='lat' dir='ltr'><strong>versuum</strong></span> <span class='ocrx_word' id='word_1_166' title='bbox 622 3576 703 3641; x_wconf 82' lang='lat' dir='ltr'><strong>inquit</strong></span> <span class='ocrx_word' id='word_1_167' title='bbox 719 3575 782 3625; x_wconf 77' lang='lat' dir='ltr'><strong>inibi</strong></span> <span class='ocrx_word' id='word_1_168' title='bbox 802 3590 849 3642; x_wconf 84' lang='lat' dir='ltr'><strong>pro</strong></span> <span class='ocrx_word' id='word_1_169' title='bbox 868 3577 958 3642; x_wconf 68' lang='lat' dir='ltr'><strong>inquot,</strong></span> <span class='ocrx_word' id='word_1_170' title='bbox 976 3575 1021 3626; x_wconf 80' lang='lat' dir='ltr'><strong>tibi</strong></span> <span class='ocrx_word' id='word_1_171' title='bbox 1042 3574 1160 3641; x_wconf 81' lang='lat' dir='ltr'><strong>praebuit</strong></span> <span class='ocrx_word' id='word_1_172' title='bbox 1176 3572 1241 3626; x_wconf 76' lang='lat' dir='ltr'><strong>Am-</strong></span> 
     </span>
     <span class='ocr_line' id='line_1_27' title="bbox 265 3660 1240 3732; baseline 0 -22"><span class='ocrx_word' id='word_1_173' title='bbox 265 3660 417 3725; x_wconf 82' lang='lat' dir='ltr'><strong>brosianus,</strong></span> <span class='ocrx_word' id='word_1_174' title='bbox 448 3679 552 3730; x_wconf 85' lang='lat' dir='ltr'><strong>prorsus</strong></span> <span class='ocrx_word' id='word_1_175' title='bbox 570 3673 599 3714; x_wconf 90' lang='lat' dir='ltr'><strong>ut</strong></span> <span class='ocrx_word' id='word_1_176' title='bbox 620 3670 659 3713; x_wconf 87' lang='lat' dir='ltr'><strong>est</strong></span> <span class='ocrx_word' id='word_1_177' title='bbox 677 3662 763 3729; x_wconf 85' lang='lat' dir='ltr'><strong>paullo</strong></span> <span class='ocrx_word' id='word_1_178' title='bbox 782 3671 841 3729; x_wconf 86' lang='lat' dir='ltr'><strong>post</strong></span> <span class='ocrx_word' id='word_1_179' title='bbox 860 3663 932 3732; x_wconf 62' lang='lat' dir='ltr'><strong>Ergo</strong></span> <span class='ocrx_word' id='word_1_180' title='bbox 951 3671 1077 3713; x_wconf 76' lang='lat' dir='ltr'><strong>mecastor</strong></span> <span class='ocrx_word' id='word_1_181' title='bbox 1088 3660 1178 3729; x_wconf 76' lang='lat' dir='ltr'><strong>pulcer</strong></span> <span class='ocrx_word' id='word_1_182' title='bbox 1195 3669 1240 3722; x_wconf 73' lang='lat' dir='ltr'><strong>sut,</strong></span> 
     </span>
     <span class='ocr_line' id='line_1_28' title="bbox 263 3748 1241 3817; baseline -0.003 -18"><span class='ocrx_word' id='word_1_183' title='bbox 263 3751 344 3815; x_wconf 81' lang='lat' dir='ltr'><strong>inquit</strong></span> <span class='ocrx_word' id='word_1_184' title='bbox 363 3750 432 3801; x_wconf 72' lang='lat' dir='ltr'><strong>ruiti.</strong></span> <span class='ocrx_word' id='word_1_185' title='bbox 464 3750 544 3802; x_wconf 77' lang='lat' dir='ltr'><strong>Alteri</strong></span> <span class='ocrx_word' id='word_1_186' title='bbox 565 3751 668 3813; x_wconf 81' lang='lat' dir='ltr'><strong>versui,</strong></span> <span class='ocrx_word' id='word_1_187' title='bbox 695 3751 737 3817; x_wconf 89' lang='lat' dir='ltr'><strong>qui</strong></span> <span class='ocrx_word' id='word_1_188' title='bbox 755 3751 794 3800; x_wconf 88' lang='lat' dir='ltr'><strong>sic</strong></span> <span class='ocrx_word' id='word_1_189' title='bbox 814 3749 951 3815; x_wconf 80' lang='lat' dir='ltr'><strong>vulgatur:</strong></span> <span class='ocrx_word' id='word_1_190' title='bbox 984 3748 1062 3800; x_wconf 76' lang='lat' dir='ltr'><strong>imino</strong></span> <span class='ocrx_word' id='word_1_191' title='bbox 1086 3749 1139 3797; x_wconf 81' lang='lat' dir='ltr'><strong>sius</strong></span> <span class='ocrx_word' id='word_1_192' title='bbox 1156 3749 1241 3812; x_wconf 66' lang='lat' dir='ltr'><strong>[rotor</strong></span> 
     </span>
     <span class='ocr_line' id='line_1_29' title="bbox 263 3834 1241 3905; baseline 0 -20"><span class='ocrx_word' id='word_1_193' title='bbox 263 3838 375 3905; x_wconf 75' lang='lat' dir='ltr'><strong>inqicom.</strong></span> <span class='ocrx_word' id='word_1_194' title='bbox 407 3839 495 3891; x_wconf 72' lang='lat' dir='ltr'><strong>tanus</strong></span> <span class='ocrx_word' id='word_1_195' title='bbox 511 3837 615 3889; x_wconf 80' lang='lat' dir='ltr'><strong>illorum</strong></span> <span class='ocrx_word' id='word_1_196' title='bbox 632 3837 725 3900; x_wconf 77' lang='lat' dir='ltr'><strong>altero,</strong></span> <span class='ocrx_word' id='word_1_197' title='bbox 746 3836 807 3887; x_wconf 86' lang='lat' dir='ltr'><strong>olim</strong></span> <span class='ocrx_word' id='word_1_198' title='bbox 828 3836 945 3903; x_wconf 60' lang='lat' dir='ltr'><strong>{vastabam</strong></span> <span class='ocrx_word' id='word_1_199' title='bbox 964 3834 1162 3900; x_wconf 79' lang='lat' dir='ltr'><strong>transpositione</strong></span> <span class='ocrx_word' id='word_1_200' title='bbox 1180 3847 1241 3885; x_wconf 84' lang='lat' dir='ltr'><strong>vcr-</strong></span> 
     </span>
     <span class='ocr_line' id='line_1_30' title="bbox 265 3904 1241 3988; baseline 0.003 -18"><span class='ocrx_word' id='word_1_201' title='bbox 265 3921 353 3972; x_wconf 85' lang='lat' dir='ltr'><strong>borum</strong></span> <span class='ocrx_word' id='word_1_202' title='bbox 369 3925 566 3974; x_wconf 81' lang='lat' dir='ltr'><strong>succurrendum</strong></span> <span class='ocrx_word' id='word_1_203' title='bbox 585 3940 656 3975; x_wconf 90' lang='lat' dir='ltr'><strong>cssc:</strong></span> <span class='ocrx_word' id='word_1_204' title='bbox 676 3923 762 3979; x_wconf 80' lang='lat' dir='ltr'><strong>Immo.</strong></span> <span class='ocrx_word' id='word_1_205' title='bbox 780 3928 892 3988; x_wconf 81' lang='lat' dir='ltr'><strong>inquam,</strong></span> <span class='ocrx_word' id='word_1_206' title='bbox 912 3923 965 3971; x_wconf 77' lang='lat' dir='ltr'><strong>eius</strong></span> <span class='ocrx_word' id='word_1_207' title='bbox 981 3924 1073 3987; x_wconf 70' lang='lat' dir='ltr'><strong>frater.</strong></span> <span class='ocrx_word' id='word_1_208' title='bbox 1102 3904 1190 3973; x_wconf 85' lang='lat' dir='ltr'><strong>lnnoit</strong></span> <span class='ocrx_word' id='word_1_209' title='bbox 1205 3920 1241 3973; x_wconf 76' lang='lat' dir='ltr'><strong>il-</strong></span> 
     </span>
     <span class='ocr_line' id='line_1_31' title="bbox 261 4007 1239 4062; baseline 0 -4"><span class='ocrx_word' id='word_1_210' title='bbox 261 4007 456 4062; x_wconf 67' lang='lat' dir='ltr'><strong>taramriam.</strong></span> <span class='ocrx_word' id='word_1_211' title='bbox 491 4011 643 4062; x_wconf 76' lang='lat' dir='ltr'><strong>Garamam</strong></span> <span class='ocrx_word' id='word_1_212' title='bbox 663 4013 755 4061; x_wconf 78' lang='lat' dir='ltr'><strong>innuat</strong></span> <span class='ocrx_word' id='word_1_213' title='bbox 779 4008 879 4059; x_wconf 81' lang='lat' dir='ltr'><strong>tandem</strong></span> <span class='ocrx_word' id='word_1_214' title='bbox 899 4024 984 4057; x_wconf 80' lang='lat' dir='ltr'><strong>cariam</strong></span> <span class='ocrx_word' id='word_1_215' title='bbox 1004 4023 1053 4059; x_wconf 87' lang='lat' dir='ltr'><strong>una</strong></span> <span class='ocrx_word' id='word_1_216' title='bbox 1072 4007 1239 4058; x_wconf 78' lang='lat' dir='ltr'><strong>muliercula-</strong></span> 
     </span>
     <span class='ocr_line' id='line_1_32' title="bbox 261 4094 1240 4164; baseline -0.001 -18"><span class='ocrx_word' id='word_1_217' title='bbox 261 4112 334 4153; x_wconf 80' lang='lat' dir='ltr'><strong>rum,</strong></span> <span class='ocrx_word' id='word_1_218' title='bbox 363 4112 429 4163; x_wconf 83' lang='lat' dir='ltr'><strong>quae</strong></span> <span class='ocrx_word' id='word_1_219' title='bbox 453 4100 501 4149; x_wconf 84' lang='lat' dir='ltr'><strong>iam</strong></span> <span class='ocrx_word' id='word_1_220' title='bbox 520 4114 599 4164; x_wconf 83' lang='lat' dir='ltr'><strong>propo</strong></span> <span class='ocrx_word' id='word_1_221' title='bbox 616 4105 675 4149; x_wconf 85' lang='lat' dir='ltr'><strong>suut</strong></span> <span class='ocrx_word' id='word_1_222' title='bbox 693 4105 720 4147; x_wconf 81' lang='lat' dir='ltr'><strong>ct</strong></span> <span class='ocrx_word' id='word_1_223' title='bbox 734 4095 816 4164; x_wconf 79' lang='lat' dir='ltr'><strong>pollio</strong></span> <span class='ocrx_word' id='word_1_224' title='bbox 845 4095 1064 4163; x_wconf 72' lang='lat' dir='ltr'><strong>reprehenderunt</strong></span> <span class='ocrx_word' id='word_1_225' title='bbox 1083 4094 1240 4145; x_wconf 82' lang='lat' dir='ltr'><strong>Palaestrio·</strong></span> 
     </span>
     <span class='ocr_line' id='line_1_33' title="bbox 262 4181 1239 4250; baseline 0.003 -18"><span class='ocrx_word' id='word_1_226' title='bbox 262 4181 338 4232; x_wconf 82' lang='lat' dir='ltr'><strong>neni?</strong></span> <span class='ocrx_word' id='word_1_227' title='bbox 377 4183 407 4232; x_wconf 80' lang='lat' dir='ltr'><strong>Et</strong></span> <span class='ocrx_word' id='word_1_228' title='bbox 426 4186 450 4233; x_wconf 91' lang='lat' dir='ltr'><strong>in</strong></span> <span class='ocrx_word' id='word_1_229' title='bbox 470 4184 636 4235; x_wconf 69' lang='lat' dir='ltr'><strong>umbrosiane</strong></span> <span class='ocrx_word' id='word_1_230' title='bbox 658 4193 716 4250; x_wconf 85' lang='lat' dir='ltr'><strong>post</strong></span> <span class='ocrx_word' id='word_1_231' title='bbox 733 4185 836 4249; x_wconf 79' lang='lat' dir='ltr'><strong>inquam</strong></span> <span class='ocrx_word' id='word_1_232' title='bbox 854 4184 924 4234; x_wconf 83' lang='lat' dir='ltr'><strong>visae</strong></span> <span class='ocrx_word' id='word_1_233' title='bbox 943 4189 1002 4231; x_wconf 81' lang='lat' dir='ltr'><strong>sunt</strong></span> <span class='ocrx_word' id='word_1_234' title='bbox 1019 4189 1088 4246; x_wconf 78' lang='lat' dir='ltr'><strong>[narn</strong></span> <span class='ocrx_word' id='word_1_235' title='bbox 1109 4198 1154 4248; x_wconf 83' lang='lat' dir='ltr'><strong>pro</strong></span> <span class='ocrx_word' id='word_1_236' title='bbox 1168 4191 1239 4235; x_wconf 83' lang='lat' dir='ltr'><strong>certo</strong></span> 
     </span>
     <span class='ocr_line' id='line_1_34' title="bbox 261 4267 1239 4341; baseline 0.004 -23"><span class='ocrx_word' id='word_1_237' title='bbox 261 4271 378 4318; x_wconf 76' lang='lat' dir='ltr'><strong>affirmari</strong></span> <span class='ocrx_word' id='word_1_238' title='bbox 400 4272 498 4337; x_wconf 78' lang='lat' dir='ltr'><strong>nequit)</strong></span> <span class='ocrx_word' id='word_1_239' title='bbox 525 4272 609 4341; x_wconf 84' lang='lat' dir='ltr'><strong>potius</strong></span> <span class='ocrx_word' id='word_1_240' title='bbox 635 4280 671 4322; x_wconf 79' lang='lat' dir='ltr'><strong>cst</strong></span> <span class='ocrx_word' id='word_1_241' title='bbox 689 4308 694 4319; x_wconf 90' lang='lat'>.</span> <span class='ocrx_word' id='word_1_242' title='bbox 715 4308 722 4320; x_wconf 92' lang='lat'>.</span> <span class='ocrx_word' id='word_1_243' title='bbox 743 4269 843 4321; x_wconf 82' lang='lat' dir='ltr'><strong>litterae</strong></span> <span class='ocrx_word' id='word_1_244' title='bbox 861 4276 970 4320; x_wconf 78' lang='lat' dir='ltr'><strong>exstare.</strong></span> <span class='ocrx_word' id='word_1_245' title='bbox 1007 4267 1078 4319; x_wconf 81' lang='lat' dir='ltr'><strong>Vnde</strong></span> <span class='ocrx_word' id='word_1_246' title='bbox 1097 4269 1163 4321; x_wconf 79' lang='lat' dir='ltr'><strong>houd</strong></span> <span class='ocrx_word' id='word_1_247' title='bbox 1184 4270 1239 4323; x_wconf 88' lang='lat' dir='ltr'><strong>scio</strong></span> 
     </span>
     <span class='ocr_line' id='line_1_35' title="bbox 261 4359 742 4427; baseline 0.008 -24"><span class='ocrx_word' id='word_1_248' title='bbox 261 4369 292 4404; x_wconf 88' lang='lat' dir='ltr'><strong>an</strong></span> <span class='ocrx_word' id='word_1_249' title='bbox 314 4363 406 4420; x_wconf 81' lang='lat' dir='ltr'><strong>poetae</strong></span> <span class='ocrx_word' id='word_1_250' title='bbox 427 4372 526 4407; x_wconf 78' lang='lat' dir='ltr'><strong>manuni</strong></span> <span class='ocrx_word' id='word_1_251' title='bbox 545 4359 583 4407; x_wconf 84' lang='lat' dir='ltr'><strong>sic</strong></span> <span class='ocrx_word' id='word_1_252' title='bbox 601 4373 742 4427; x_wconf 82' lang='lat' dir='ltr'><strong>assequar:</strong></span> 
     </span>
    </p>

    <p class='ocr_par' dir='ltr' id='par_1_8' title="bbox 255 4441 1240 4603">
     <span class='ocr_line' id='line_1_36' title="bbox 350 4441 1096 4512; baseline 0.008 -22"><span class='ocrx_word' id='word_1_253' title='bbox 350 4441 428 4490; x_wconf 77' lang='lat' dir='ltr'><strong>Imato</strong></span> <span class='ocrx_word' id='word_1_254' title='bbox 448 4444 501 4494; x_wconf 79' lang='lat' dir='ltr'><strong>e&#39;ios</strong></span> <span class='ocrx_word' id='word_1_255' title='bbox 518 4445 610 4508; x_wconf 64' lang='lat' dir='ltr'><strong>semor,</strong></span> <span class='ocrx_word' id='word_1_256' title='bbox 626 4449 739 4512; x_wconf 74' lang='lat' dir='ltr'><strong>inquom,</strong></span> <span class='ocrx_word' id='word_1_257' title='bbox 759 4454 802 4497; x_wconf 79' lang='lat' dir='ltr'><strong>cst.</strong></span> <span class='ocrx_word' id='word_1_258' title='bbox 825 4447 864 4497; x_wconf 80' lang='lat' dir='ltr'><strong>lbi</strong></span> <span class='ocrx_word' id='word_1_259' title='bbox 883 4444 987 4496; x_wconf 77' lang='lat' dir='ltr'><strong>illorum</strong></span> <span class='ocrx_word' id='word_1_260' title='bbox 1004 4445 1096 4498; x_wconf 79' lang='lat' dir='ltr'><strong>oltcro.</strong></span> 
     </span>
     <span class='ocr_line' id='line_1_37' title="bbox 255 4526 1240 4603; baseline 0.013 -28"><span class='ocrx_word' id='word_1_261' title='bbox 255 4526 292 4575; x_wconf 81' lang='lat' dir='ltr'><strong>Ac</strong></span> <span class='ocrx_word' id='word_1_262' title='bbox 310 4541 342 4575; x_wconf 88' lang='lat' dir='ltr'><strong>ne</strong></span> <span class='ocrx_word' id='word_1_263' title='bbox 362 4527 388 4577; x_wconf 91' lang='lat' dir='ltr'><strong>in</strong></span> <span class='ocrx_word' id='word_1_264' title='bbox 407 4527 526 4580; x_wconf 84' lang='lat' dir='ltr'><strong>Palatinis</strong></span> <span class='ocrx_word' id='word_1_265' title='bbox 545 4530 646 4598; x_wconf 85' lang='lat' dir='ltr'><strong>quidem</strong></span> <span class='ocrx_word' id='word_1_266' title='bbox 664 4533 746 4598; x_wconf 86' lang='lat' dir='ltr'><strong>ipsum</strong></span> <span class='ocrx_word' id='word_1_267' title='bbox 764 4541 870 4603; x_wconf 75' lang='lat' dir='ltr'><strong>apparet</strong></span> <span class='ocrx_word' id='word_1_268' title='bbox 889 4534 989 4596; x_wconf 74' lang='lat' dir='ltr'><strong>innuit,</strong></span> <span class='ocrx_word' id='word_1_269' title='bbox 1010 4547 1096 4584; x_wconf 79' lang='lat' dir='ltr'><strong>verum</strong></span> <span class='ocrx_word' id='word_1_270' title='bbox 1119 4540 1162 4587; x_wconf 78' lang='lat' dir='ltr'><strong>eut</strong></span> <span class='ocrx_word' id='word_1_271' title='bbox 1175 4535 1240 4587; x_wconf 80' lang='lat' dir='ltr'><strong>insit</strong></span> 
     </span>
    </p>
   </div>
   <div class='ocr_carea' id='block_1_8' title="bbox 253 4613 1240 4756">
    <p class='ocr_par' dir='ltr' id='par_1_9' title="bbox 253 4613 1240 4756">
     <span class='ocr_line' id='line_1_38' title="bbox 253 4613 1240 4684; baseline 0.013 -23"><span class='ocrx_word' id='word_1_272' title='bbox 253 4620 295 4661; x_wconf 89' lang='lat' dir='ltr'><strong>ant</strong></span> <span class='ocrx_word' id='word_1_273' title='bbox 316 4613 393 4675; x_wconf 68' lang='lat' dir='ltr'><strong>inrmt,</strong></span> <span class='ocrx_word' id='word_1_274' title='bbox 421 4614 489 4684; x_wconf 89' lang='lat' dir='ltr'><strong>quod</strong></span> <span class='ocrx_word' id='word_1_275' title='bbox 510 4618 535 4668; x_wconf 89' lang='lat' dir='ltr'><strong>iu</strong></span> <span class='ocrx_word' id='word_1_276' title='bbox 554 4618 650 4670; x_wconf 80' lang='lat' dir='ltr'><strong>Vctcro</strong></span> <span class='ocrx_word' id='word_1_277' title='bbox 667 4619 724 4672; x_wconf 87' lang='lat' dir='ltr'><strong>cod.</strong></span> <span class='ocrx_word' id='word_1_278' title='bbox 744 4619 857 4671; x_wconf 79' lang='lat' dir='ltr'><strong>secunde</strong></span> <span class='ocrx_word' id='word_1_279' title='bbox 877 4618 977 4670; x_wconf 73' lang='lat' dir='ltr'><strong>derisum</strong></span> <span class='ocrx_word' id='word_1_280' title='bbox 996 4635 1084 4671; x_wconf 77' lang='lat' dir='ltr'><strong>ritanus</strong></span> <span class='ocrx_word' id='word_1_281' title='bbox 1112 4621 1138 4672; x_wconf 88' lang='lat' dir='ltr'><strong>in</strong></span> <span class='ocrx_word' id='word_1_282' title='bbox 1156 4622 1240 4675; x_wconf 76' lang='lat' dir='ltr'><strong>innuit</strong></span> 
     </span>
     <span class='ocr_line' id='line_1_39' title="bbox 253 4701 368 4756; baseline 0.026 -3"><span class='ocrx_word' id='word_1_283' title='bbox 253 4701 368 4756; x_wconf 85' lang='lat' dir='ltr'><strong>mutavit.</strong></span> 
     </span>
    </p>
   </div>
   <div class='ocr_carea' id='block_1_9' title="bbox 0 0 1414 5332">
    <p class='ocr_par' dir='ltr' id='par_1_10' title="bbox 0 0 1414 5332">
     <span class='ocr_line' id='line_1_40' title="bbox 0 0 1414 5332; baseline 0 3"><span class='ocrx_word' id='word_1_284' title='bbox 0 0 1414 5332; x_wconf 95' lang='lat' dir='ltr'><strong> </strong></span> 
     </span>
    </p>
   </div>
  </div>
 </body>
</html>
