2820 5332
243 665 316 738 540
470 715 472 719 -
561 690 602 731 rx.
654 691 696 731 na
721 687 1013 733 turannos-arrone

243 865 336 954 ipsa,
368 887 452 955 quae
479 857 607 952 aliquid
632 857 735 927 hiulci
762 876 817 924 aut
841 859 973 924 obscuri
995 854 1051 924 vel
1072 855 1203 923 babere
1230 857 1341 925 vide-

243 995 360 1046 rentur
381 975 436 1043 rel
457 975 630 1054 haberent,
654 998 729 1041 rara
757 971 925 1065 cogitandi
950 972 1067 1039 inertia
1081 970 1340 1068 iudicandiqne

245 1090 456 1159 imbecillitas
483 1115 559 1159 cum
594 1089 748 1163 tarditate
781 1114 908 1157 summa
932 1086 1123 1154 inveniendi
1151 1090 1340 1158 coniuncta

246 1207 354 1275 effecit
379 1224 414 1274 ut
447 1208 531 1274 miro
568 1207 668 1298 capiti
699 1204 748 1271 illi
778 1229 847 1271 uon
874 1206 973 1272 tutiua
995 1220 1097 1295 atque
1121 1203 1337 1297 ingeniosius

245 1324 377 1414 artique
421 1341 456 1391 et
491 1321 612 1390 rationi
647 1321 883 1413 congruentius
927 1317 1080 1412 expediri
1117 1318 1337 1402 riderentur,

248 1463 349 1530 quam
373 1437 447 1530 ipsa
472 1436 555 1505 aede
581 1435 780 1504 difficultatis
805 1434 963 1503 radicitus
989 1459 1105 1503 eversa
1129 1461 1166 1503 ac
1192 1438 1337 1528 penitus

246 1554 416 1621 exstincta.
455 1552 585 1622 Verum
609 1552 686 1618 satis
709 1550 834 1619 dictum
860 1568 930 1618 esto
957 1547 1001 1616 de
1025 1551 1335 1640 intemperantissi-

247 1690 302 1735 mo
335 1664 578 1734 hallucinatora
618 1665 709 1753 (uam
739 1665 838 1760 longe
864 1666 965 1733 etiem
994 1666 1272 1757 intemperantius
1295 1668 1336 1734 iu

249 1782 369 1851 ceteris
391 1779 510 1850 fabulis
535 1800 680 1850 versatus
706 1774 792 1870 est),
825 1779 1015 1873 philologae
1040 1780 1243 1849 Germaniae
1269 1780 1335 1847 de-

248 1895 393 1966 decore:
431 1899 524 1968 cuius
554 1915 663 1965 tamen
687 1899 853 1965 rationem
879 1894 1071 1964 adorandae
1096 1896 1334 1990 interpolatio-

247 2013 299 2080 uia
324 2011 494 2081 Plautinae
521 2037 588 2082 uon
615 2011 723 2081 defuit
755 2014 813 2106 qui
853 2012 1010 2104 optimam
1044 2029 1174 2105 partem
1199 2012 1335 2081 diceret

248 2152 402 2199 curarum
426 2129 505 2200 huic
530 2146 651 2224 poetae
674 2129 717 2197 ab
741 2128 800 2198 illo
826 2130 1062 2222 impensarum.

785 2407 810 2473 1.

350 2629 477 2697 Ordior
501 2655 518 2695 a
544 2629 788 2723 simplicissimo
814 2628 980 2725 exemplo.
1027 2626 1334 2714 T1·inummill‚⁴l,

255 2750 296 2814 11
325 2769 401 2813 cum
424 2745 504 2816 olim
529 2745 699 2840 legeretur

349 2861 450 2948 sTAs.
493 2877 604 2970 Quid,
638 2876 731 2971 quod
751 2901 816 2970 ego
838 2875 1070 2965 defraudavi?
1119 2899 1220 2946 aare.
1253 2877 1336 2942 liena

840 2997 907 3060 istu
932 2998 1023 3060 ratio
1050 3017 1209 3058 macoma
1233 3007 1306 3060 est:

252 3125 472 3205 Hermanous,
498 3142 535 3192 ut
561 3150 673 3192 versus
700 3143 874 3208 constaret,
901 3124 1038 3193 delrhat
1058 3130 1135 3206 itta,
1162 3151 1230 3220 quo
1254 3150 1336 3221 pro·

252 3241 386 3309 nomine
412 3266 513 3337 aegre
540 3266 677 3308 careas:
704 3259 802 3336 atque
828 3242 1097 3309 inAmbrosiano
1120 3239 1207 3309 adeo
1226 3246 1338 3308 istaec

254 3376 312 3426 est.
365 3359 489 3426 Contra
513 3358 649 3425 Bothius
675 3381 740 3450 ego
767 3357 921 3424 tollebat:
953 3384 1020 3425 nou
1046 3383 1122 3424 sanc
1147 3360 1336 3425 incommo-

254 3469 316 3551 de,
343 3472 420 3563 quia
445 3473 521 3537 satis
548 3471 656 3538 videri
681 3490 812 3564 potest,
835 3490 871 3537 ut
897 3475 977 3540 iusta
1005 3475 1245 3540 contrariorum
1273 3498 1338 3566 op-

151 3628 154 3632 *
253 3583 375 3679 positio
406 3583 484 3671 fiat,
524 3587 651 3679 opponi
683 3586 894 3654 defraudatae
929 3607 963 3654 et
995 3589 1135 3667 honeste
1162 3589 1341 3681 impensae

253 3701 418 3794 pecuniae
438 3702 611 3793 notiones3
637 3701 696 3769 sed
724 3722 833 3771 tamen
860 3723 895 3771 ut
918 3704 1020 3771 multo
1040 3705 1273 3798 significantius
1292 3709 1340 3773 si-

254 3814 325 3882 mul
350 3816 488 3884 accedat
512 3817 583 3885 aliis
610 3845 776 3914 expensae
807 3841 839 3889 et
864 3849 881 3888 a
908 3823 1050 3889 Stasimo
1074 3823 1148 3916 ipso
1175 3847 1355 3917 supprcs-.

255 3957 309 4000 sae
345 3935 534 4027 oppositio,
568 3962 666 4029 quam
696 3956 805 4004 servat
839 3936 991 4006 codicum
1023 3939 1194 4005 memoria.
1248 3942 1344 4024 Qua-

254 4065 396 4143 propter
419 4048 510 4116 haud
535 4052 603 4117 scio
629 4077 670 4117 an
692 4053 739 4118 sic
764 4053 936 4146 scripserit
961 4071 1074 4146 poeta:

356 4203 411 4250 rr.
442 4179 557 4273 Quid,
598 4178 688 4274 qudd
713 4207 778 4274 ego
793 4183 987 4271 fraudavi?
1036 4206 1090 4250 aa.
1129 4179 1203 4249 de'nr
1230 4188 1344 4253 istaec

848 4304 939 4365 ratio
960 4297 1163 4365 mulctatam.

258 4422 350 4493 Inter
363 4426 540 4514 fraudavi
562 4448 595 4514 et
627 4429 838 4518 defraudavi
863 4406 951 4496 ‘libri
986 4431 1145 4499 lluetuant
1178 4432 1253 4498 Aul.
1281 4434 1343 4516 IV,

258 4537 291 4620 9,
321 4539 375 4622 14,
400 4544 458 4608 ubi
481 4562 573 4611 reete
599 4570 635 4612 se
662 4546 761 4611 habet
783 4547 1001 4638 compositura
1028 4547 1183 4614 ver-hum:

361 4670 467 4774 Quod
491 4670 659 4745 cristodivr'
680 4673 809 4744 addula.
833 4674 969 4769 egonrc't
991 4705 1045 4746 me
1069 4679 1291 4768 defrmtdu'vi
