2820 5332
253 697 325 766 562
565 721 605 762 tx.
658 720 700 761 us
728 717 1014 766 iursnccntutcuc

253 887 430 957 struendas
465 906 523 955 est
573 886 673 971 Quod
705 915 723 955 e
754 888 908 957 Palatinis
941 889 1036 956 libris
1067 906 1099 955 ct
1133 888 1190 957 ed.
1220 891 1346 983 princ.

251 1008 419 1098 vulgatur,
443 1007 474 1069 si
496 1007 578 1068 itast
603 1019 639 1069 ut
659 1003 860 1094 praedicas,
892 1029 911 1070 e
936 1003 1021 1070 male
1046 1002 1220 1071 intellectu
1247 1023 1344 1073 sunt

250 1123 338 1188 vocis
367 1119 570 1211 compendio
593 1123 633 1183 st'
659 1138 766 1186 crtum
794 1139 851 1186 est
913 1121 953 1187 Et
978 1144 1021 1184 ne
1044 1144 1158 1186 versus
1183 1120 1341 1213 quidem

249 1238 419 1303 constabat
449 1235 513 1300 uisi
545 1236 668 1301 inserto
703 1237 882 1300 Hermanni
916 1237 1105 1303 coniectura
1138 1252 1174 1300 tu
1197 1261 1342 1327 prono·

246 1353 345 1418 mine.
395 1347 500 1416 Nihili
524 1368 630 1415 autem
659 1365 710 1414 est
732 1351 911 1416 sententia:
946 1349 1047 1418 credo
1082 1349 1188 1425 haec,
1223 1355 1257 1417 si
1280 1356 1338 1418 ita

248 1482 300 1531 est
327 1483 364 1531 ut
389 1465 487 1540 dicis,
513 1488 576 1530 nec
594 1465 696 1556 magis
716 1465 835 1531 rationi
850 1483 1071 1531 consentanea
1092 1464 1193 1539 haec:
1221 1466 1335 1533 credo

246 1582 342 1657 haec,
368 1586 399 1646 si
423 1585 473 1646 ita
497 1595 577 1644 sunt
602 1595 640 1644 ut
660 1578 754 1645 dicis.
812 1579 924 1662 Qualis
951 1580 1087 1672 quidem
1114 1578 1332 1649 condicionis

248 1698 295 1761 vis
321 1721 388 1763 non
414 1695 477 1762 alia
505 1695 568 1760 nisi
595 1694 679 1761 haec
710 1697 772 1760 sit:
811 1693 913 1760 credo
938 1694 1002 1760 lroc
1026 1718 1138 1760 verum
1163 1718 1256 1774 esse,
1294 1703 1331 1765 si

248 1836 362 1877 verum
382 1830 444 1880 est.
479 1808 666 1876 Dicendum
687 1810 860 1877 suerataut
886 1809 987 1875 credo
1010 1810 1095 1876 laaec
1120 1815 1171 1876 ita
1190 1837 1266 1878 esse
1286 1831 1327 1880 ut

245 1924 349 2006 dicis,
389 1943 444 1992 aut
468 1925 586 1991 saltem
613 1924 714 1989 credo
736 1949 823 2018 qliae
844 1929 895 1991 ita
919 1951 990 1990 esse
1015 1925 1109 1991 dicis.
1162 1927 1248 2018 Ergo
1277 1927 1326 1995 ad

246 2039 338 2107 aliud
353 2041 512 2135 quiddam
527 2038 739 2106 referendum
766 2040 849 2106 illud
878 2039 979 2107 credo
1006 2058 1085 2119 erut,
1106 2039 1237 2132 reliqua
1263 2068 1326 2108 au-

245 2175 312 2233 tem
338 2175 457 2222 mutata
485 2155 742 2247 interpungendi
767 2157 894 2223 ratione
922 2154 1161 2248 coniungenda.
1178 2187 1223 2201 -
1252 2155 1327 2222 Ce-

243 2291 351 2338 terum
378 2272 405 2336 si
430 2268 573 2348 illorum,
601 2294 683 2360 quos
710 2268 858 2346 lusimus,
885 2294 1038 2336 versuum
1067 2268 1187 2335 similes
1214 2268 1326 2335 Calli-

244 2384 312 2452 cles
336 2385 580 2478 pronuntiabat,
605 2402 655 2450 sat
679 2385 778 2459 multa
803 2387 978 2460 restabant,
1005 2383 1046 2449 ad
1071 2409 1155 2477 quac
1176 2402 1209 2449 ct
1234 2408 1324 2474 pro-

243 2503 327 2567 xima
353 2504 422 2567 eius
448 2502 549 2565 verba
575 2519 780 2591 spectarent:
820 2500 883 2565 sed
907 2499 1056 2564 rcurrcbo
1079 2503 1169 2564 intus
1193 2497 1258 2564 tibi
1285 2518 1324 2566 et

242 2617 305 2682 ltoc
331 2632 364 2680 et
390 2615 461 2679 alia
487 2614 529 2700 (v.
555 2611 611 2697 9),
652 2631 686 2679 ct
716 2616 844 2680 initium
877 2617 945 2680 eius
978 2640 1116 2692 scenae,
1153 2640 1217 2706 qua
1240 2633 1323 2704 post

241 2734 401 2798 rationem
429 2757 444 2795 a
471 2727 608 2797 Callicle
633 2727 821 2820 singillatim
847 2730 1011 2796 redditam
1035 2755 1166 2794 rursum
1194 2754 1236 2794 ex
1262 2756 1322 2794 uc·

242 2845 339 2911 dibus
367 2843 561 2912 Charmides
588 2843 768 2934 prodiens,
807 2872 906 2938 quam
940 2846 1034 2910 firme
1070 2844 1134 2909 sibi
1165 2842 1319 2911 Calliclis

241 2961 342 3026 fidem
364 2960 460 3026 huius
485 2959 631 3025 narratio
656 2963 876 3051 persuaserit,
911 2960 961 3027 his
992 2960 1142 3028 versibus
1169 2958 1322 3027 declarat

245 3072 301 3159 (V,
328 3071 382 3156 2)

338 3183 455 3282 quue
468 3191 547 3275 fuit
574 3212 681 3279 neque
707 3182 774 3254 crit
809 3213 916 3282 neque
942 3213 1014 3255 csse
1036 3213 1229 3282 quenquam
1254 3186 1319 3257 lzo'-

703 3308 830 3368 mirtum
854 3310 892 3370 in
917 3321 1013 3371 terra
1044 3305 1124 3370 dum
1148 3287 1320 3381 drbitror,

344 3419 434 3508 Quoi
448 3419 544 3511 fides
563 3415 786 3512 fidelitasque
818 3415 977 3513 caticum·
999 3445 1085 3511 erga
1120 3415 1318 3512 aequiperet

708 3552 817 3600 tuear:

337 3650 428 3717 Nam
452 3643 744 3740 &aedificavisset
769 3676 822 3715 me
844 3675 889 3716 ex
912 3649 964 3716 liis
990 3647 1151 3730 edilibus,
1187 3648 1318 3743 absque

709 3762 741 3830 a}
766 3769 869 3848 foret.

243 3883 290 3949 lte
319 3882 427 3960 euim,
464 3897 578 3958 tuam,
616 3881 726 3948 medio
752 3907 850 3947 versu
879 3880 1093 3961 scribendum
1119 3905 1182 3973 pro
1209 3906 1319 3948 suum.

241 3998 421 4090 Superiurc
445 4023 543 4063 scena
568 3998 651 4064 nihil
675 3999 737 4063 uisi
762 3996 827 4062 hcc
849 3997 1047 4063 Charmides
1066 3997 1321 4089 significaverat,

243 4112 382 4181 credere
409 4136 453 4191 se,
480 4114 517 4178 si
540 4114 648 4180 omnia
674 4117 732 4180 ita
757 4129 911 4180 essent
935 4130 970 4178 ut
990 4111 1128 4208 dixisset
1140 4110 1319 4179 Callicles:

241 4251 347 4306 nuuc,
375 4230 475 4317 quin
500 4229 560 4294 ita
585 4231 707 4310 sint,
739 4229 821 4295 nihil
846 4231 911 4294 iam
935 4227 1147 4294 dubitationis
1172 4229 1237 4293 sibi
1260 4252 1320 4293 re-

241 4340 354 4405 lictum
382 4340 508 4406 fatetur.

294 4488 297 4495 Α
336 4458 433 4522 Nunc
458 4474 495 4521 ut
522 4473 745 4539 revertamur,
769 4456 860 4526 unde
887 4455 1141 4551 digrediendum
1166 4456 1237 4537 suit,
1264 4482 1320 4523 sa-

240 4573 278 4636 tis
304 4571 344 4637 ab
372 4573 462 4637 omui
491 4590 585 4665 parte
612 4574 737 4640 munita
769 4572 901 4642 videtur
936 4597 1055 4640 scenae
1090 4573 1174 4640 haec
1207 4571 1321 4640 forma

240 4704 420 4753 extremae:
