2820 5332
490 734 653 777 ratuinus
680 730 874 777 resumere·
1157 702 1228 772 575

159 930 213 971 sus
238 903 359 971 eodem
384 902 483 983 redit,
509 905 587 971 acsi
615 901 714 981 dicas,
741 901 833 996 quod
859 904 968 994 ipsum
993 895 1230 996 exspectamus,

158 1019 241 1111 qnid
265 1025 313 1086 ec's
331 1022 454 1106 facere
480 1023 537 1084 vis.
572 1019 683 1111 Atque
708 1017 775 1084 hoc
800 1020 909 1111 ipsum
930 1019 1137 1083 Hermannus
1158 1042 1232 1082 rnn-

159 1137 281 1202 tatione
305 1133 446 1227 quadam
470 1159 528 1200 sua
552 1132 826 1226 consequendum
853 1133 1003 1225 putabat:
1040 1131 1123 1224 quid
1147 1136 1232 1199 istoc

151 1253 278 1337 facere
299 1266 430 1341 postea.
490 1249 554 1332 Qui
587 1249 668 1313 mihi
697 1247 849 1313 infinitivi
884 1272 961 1314 usus
993 1245 1079 1313 adeo
1111 1243 1232 1312 dubins

161 1385 226 1446 est,
258 1383 312 1444 ut,
343 1367 368 1430 si
396 1363 479 1456 quid
504 1362 697 1430 mutandum
723 1387 794 1429 esse
822 1360 1069 1450 concederem,
1104 1359 1232 1426 facilius

160 1505 232 1547 eum
260 1480 367 1570 ipsum
393 1479 587 1544 infinitivum
606 1503 703 1570 quam
727 1478 865 1543 verbum
887 1477 1014 1541 linitum
1034 1475 1233 1567 cogitatione

160 1594 239 1662 addi
266 1595 411 1660 dicerem
438 1612 472 1659 et
497 1592 540 1659 de
567 1592 628 1659 hac
655 1594 835 1683 cogitarem
875 1590 1066 1684 corrigendi
1090 1591 1233 1657 ratione:

160 1710 242 1804 qnid
267 1713 314 1775 vis
337 1713 421 1774 istoc
444 1726 586 1800 postea:
613 1710 742 1796 facere
777 1724 812 1772 ut
841 1708 883 1772 ab
917 1710 1106 1798 interprete
1135 1705 1236 1771 ascri·

159 1846 252 1919 ptum
281 1842 462 1916 putaretur.
495 1824 533 1888 ln
552 1823 769 1889 Ambrosiano
789 1840 897 1887 autem
919 1847 1005 1914 quae
1024 1823 1110 1888 inter
1124 1820 1234 1903 QUID

162 1958 195 2007 et
220 1939 337 2005 tSCiT
366 1937 449 2003 duae
475 1938 604 2003 litterae
628 1936 855 2014 intercedunt,
893 1962 1004 2001 earum
1040 1937 1143 2002 altera
1169 1938 1236 2002 risa

163 2072 213 2121 est
237 2056 259 2121 S
283 2078 370 2119 csse:
396 2071 432 2118 ut
458 2052 540 2117 nihil
566 2052 628 2118 nisi
654 2049 813 2118 ISlSClT
827 2075 890 2142 pro
907 2051 1051 2117 ISSCIT
1079 2075 1235 2143 peccasse

161 2169 316 2235 librarius
341 2167 498 2234 videatur.
561 2169 611 2232 Ex
637 2165 757 2234 eodem
782 2164 871 2234 libro
899 2171 967 2232 iam
989 2166 1110 2257 aliquis
1135 2191 1163 2232 v.
1189 2163 1237 2236 36

162 2310 225 2377 pro
249 2284 371 2376 aliquis
397 2287 464 2347 iam
484 2284 628 2373 reposui.

261 2400 418 2465 Ceterum
444 2397 647 2489 scaligerum
674 2422 747 2463 com
773 2393 860 2474 dixi,
888 2395 954 2461 duo
982 2395 1163 2488 significavi
1186 2395 1237 2458 in-

164 2513 268 2580 clutae
296 2512 514 2576 bibliothecae
548 2511 723 2577 Leidensis
759 2508 912 2601 exempla
949 2512 1036 2604 typis
1072 2533 1238 2600 expressa,

163 2628 302 2694 alterum
342 2626 580 2690 Pleminianum
616 2626 781 2717 Sambuco
819 2625 947 2691 editore
982 2624 1172 2716 Anverpiee
1211 2650 1238 2688 a.

164 2742 394 2810 Cl'iltitxvi
422 2740 603 2834 volgatum,
629 2743 663 2807 in
685 2740 793 2807 sronte
818 2741 869 2806 his
896 2741 1006 2805 verbis
1032 2766 1131 2805 manu
1158 2740 1239 2805 scri-

164 2860 230 2950 ptis
255 2859 459 2948 insignitum:
504 2858 629 2922 Omnia
661 2880 747 2949 quoe
781 2861 816 2920 in
850 2853 936 2920 libro
966 2859 1030 2920 isto
1065 2870 1241 2920 attractata

164 2990 266 3049 snrrt,
297 2974 469 3065 Scaligcri
497 2999 515 3038 c
549 2972 644 3038 libris
674 2972 853 3062 descripsit
889 2972 1139 3048 Commoditas,
1180 2985 1241 3036 ont

169 3088 362 3166 Gruterus,·
396 3088 532 3154 alterum
559 3086 745 3154 Basileeuse
773 3112 811 3152 ex
839 3086 986 3153 editione
1013 3088 1196 3154 Camerarii
1223 3112 1242 3152 a

168 3202 207 3268 G.
232 3204 385 3269 Fabricio
410 3229 436 3268 a.
462 3201 692 3270 CIOIDLVIII
718 3202 879 3294 repetita,
915 3202 1002 3269 'haec
1038 3201 1175 3294 quidem
1199 3201 1240 3265 ab

169 3320 263 3386 initio
291 3320 412 3384 monita
439 3336 571 3385 tenone:
610 3319 705 3385 Loca
730 3319 835 3382 nirrlta
859 3316 907 3382 ad
929 3342 1025 3383 oram
1051 3341 1154 3381 ηιαιιιι
1178 3339 1241 3381 sua

168 3434 361 3500 cnronclorit
387 3458 455 3502 [οε.
481 3456 660 3501 eoAtlcEn
689 3452 722 3501 et
754 3433 898 3525 Reliqua
930 3458 1032 3499 manu
1057 3433 1175 3498 aliena
1198 3456 1243 3496 ex

168 3548 316 3614 eiusdem
342 3549 451 3614 altero
475 3547 600 3616 Codice
624 3552 777 3639 ntargini
799 3552 963 3641 opposita.
980 3547 1011 3634 ¹)
1057 3547 1241 3640 Vtriusque

230 3860 255 3928 ⁶)
275 3858 450 3925 Scaligcranes
473 3861 499 3910 in
517 3857 632 3911 Plautum
652 3860 830 3911 annoutionea
850 3866 921 3910 tenet
942 3857 1018 3908 etiam
1030 3855 1128 3924 Regiae
1146 3857 1245 3909 biblio·

273 3951 363 4002 thecae
380 3931 526 4005 codex'ms.
545 3953 633 4017 8185,
652 3953 685 4005 de
703 3969 753 4021 quo
774 3967 840 4021 quae
860 3951 945 4002 alieno
967 3952 1114 4003 testimonio
1133 3952 1246 4004 confisus

274 4045 334 4096 oiim
360 4050 460 4099 narravi
486 4048 550 4099 iiius.
569 4046 632 4114 phil.
653 4047 735 4098 ithen.
751 4047 793 4109 tv,
812 4062 837 4112 p.
860 4046 931 4110 208,
962 4061 1014 4096 non
1034 4049 1103 4098 omni
1122 4063 1154 4098 cx
1173 4056 1246 4115 parte

272 4155 335 4192 vera
354 4156 412 4192 esee
429 4143 492 4193 meis
510 4156 592 4209 nuper
612 4142 693 4193 oculis
715 4140 837 4207 comperi.
875 4138 1013 4191 Versantur
1033 4142 1100 4192 euim
1119 4141 1180 4193 illae
1197 4157 1246 4194 en·
1273 4196 1278 4201 ,

274 4238 418 4288 notationes
437 4253 493 4288 cum
512 4238 539 4288 in
559 4236 709 4304 explicando
730 4244 806 4303 poeta
823 4243 875 4287 turn
893 4234 1122 4288 in'emendaudo:
1148 4246 1248 4291 utrum-

272 4348 323 4400 que
343 4340 427 4383 autem
445 4347 527 4398 genus
552 4333 584 4383 ad
604 4347 691 4384 omnes
718 4330 818 4381 iehuias
837 4332 929 4399 viginti
949 4335 1070 4399 pertinet.
1117 4334 1178 4386 Mihi
1197 4336 1248 4388 etei

275 4428 404 4494 inspicere
423 4435 518 4479 tuntum
545 4425 637 4491 licuit,
664 4424 742 4478 iacile
762 4435 847 4478 umen
872 4431 991 4494 apparuit
1017 4443 1135 4496 magnam
1160 4428 1248 4481 harum
1303 4419 1307 4426 ’

275 4521 427 4575 schedarum
444 4519 597 4590 illorumque
616 4520 791 4587 exemplorum
815 4521 976 4572 Leidensium
993 4524 1020 4573 in
1049 4525 1137 4574 critico
1165 4539 1248 4592 geue-

274 4633 303 4668 re
327 4618 523 4667 consensionem
543 4632 609 4669 esse.
641 4645 676 4657 -
713 4645 741 4658 -
783 4643 818 4658 -
856 4615 921 4667 Dum
938 4617 964 4668 io
984 4632 1016 4668 eo
1034 4633 1109 4681 sum,
1137 4627 1166 4669 ut
1182 4617 1248 4668 hanc

276 4711 406 4781 pinguiam
425 4709 574 4778 typothetae
591 4709 720 4764 erroribus
738 4711 861 4763 correctis
885 4713 1028 4778 remittant,
1053 4712 1121 4766 iuste
1147 4711 1248 4765 fortuna
