2820 5332
228 699 298 772 566
542 725 583 768 rx.
635 725 678 766 nn
701 720 987 768 ruranrottrtorm

226 893 264 959 ln
289 896 339 960 his
366 895 509 986 primum
536 893 682 960 omnium
711 917 778 960 nou
804 915 964 986 assequor
988 893 1053 959 rim
1080 910 1113 959 ct
1144 910 1304 962 constru-

229 1012 369 1077 ctionem
395 1008 476 1074 dum
500 1007 681 1101 particulae
707 1035 735 1077 r.
751 1010 807 1077 98.
841 1010 907 1076 Aut
933 1010 1020 1074 enim
1047 1007 1171 1075 dictum
1198 1035 1304 1103 opor·

229 1126 289 1190 tuit
314 1124 399 1190 clam
424 1124 488 1189 dos
512 1123 666 1216 depromi
686 1141 800 1215 potest
814 1122 984 1217 (poterit),
1009 1149 1082 1191 cum
1109 1124 1174 1212 (vel
1192 1150 1307 1218 quan-

197 1238 285 1323 uo)
321 1244 454 1305 occasio
489 1245 524 1305 ei
546 1245 603 1326 rei
622 1243 825 1331 reperiatur:
861 1258 915 1306 aut
945 1242 972 1307 si
1005 1238 1084 1305 dum
1117 1241 1205 1308 voles
1239 1266 1306 1334 pro

228 1354 408 1420 dummodo
433 1355 577 1447 positam
606 1380 689 1435 esse,
716 1355 802 1420 clam
826 1354 981 1448 depromi
998 1371 1124 1447 potest,
1143 1356 1222 1421 ditm
1245 1382 1308 1424 oa-

228 1474 319 1534 casio
346 1485 560 1560 axspectetur
583 1469 615 1535 lt.
642 1494 669 1535 e.
704 1471 731 1536 si
768 1468 868 1538 modo
901 1469 1105 1562 aliquantum
1141 1475 1308 1563 temporis

228 1608 421 1652 concessum
455 1586 497 1650 sit
527 1608 593 1651 nec
625 1609 713 1651 nunc
749 1587 856 1652 statim
888 1587 984 1654 nobis
1010 1606 1190 1678 properato
1216 1611 1307 1679 opus

229 1726 300 1767 esse
325 1719 489 1793 putemus.
547 1700 631 1766 Nam
665 1700 845 1767 dummodo
877 1702 1029 1789 (mosera
1054 1701 1133 1787 uter)
1168 1708 1307 1769 occasio

227 1821 419 1906 reperiatur
446 1839 553 1907 prope
581 1814 699 1882 eodem
722 1815 850 1898 redeat,
876 1841 915 1883 ac
940 1817 968 1883 ri
992 1817 1039 1885 sic
1061 1815 1217 1908 loquare:
1244 1816 1308 1882 de-

225 1936 338 2023 promi
357 1948 485 2024 potest,
511 1929 691 1996 dummodo
714 1936 831 2023 possit.
883 1929 1011 2015 Quodsi
1039 1956 1105 1998 non
1133 1934 1308 2024 reperitur

228 2050 377 2127 occasi0‚
418 2071 485 2112 nou
511 2064 621 2138 potest
646 2045 707 2112 dos
741 2046 916 2140 depromi:
958 2071 1037 2139 ergo
1063 2045 1147 2111 nihil
1183 2045 1309 2112 dixerit

231 2162 400 2230 Callicles.
450 2163 477 2227 E
503 2186 569 2255 quo
597 2163 750 2240 efficitur,
776 2179 904 2229 utnon
930 2188 1003 2228 cum
1030 2161 1217 2255 prioribus,
1244 2161 1308 2226 sed

230 2305 302 2344 cum
329 2280 367 2342 iis
394 2303 478 2370 quae
514 2295 763 2369 consequuntur
795 2276 875 2342 dum
899 2276 983 2343 illud
1011 2303 1086 2344 cum
1111 2301 1168 2343 suo
1197 2302 1310 2342 anun-

230 2395 307 2459 tiato
335 2391 537 2486 iungendum
565 2393 607 2456 sit
630 2393 664 2455 in
690 2392 775 2459 hano
810 2391 948 2484 quidem
982 2391 1200 2484 planissimam
1226 2416 1316 2470 sen-‚

229 2510 382 2575 tentiam:
423 2509 514 2575 Dum
538 2507 585 2592 (h.
613 2533 640 2572 e.
665 2506 716 2573 bis
741 2505 834 2591 dass)
873 2511 1005 2573 occasio
1031 2507 1109 2572 lruio
1133 2511 1183 2571 rai
1207 2530 1309 2597 repa-

229 2630 360 2698 riatur,
387 2622 608 2688 mutuandum
634 2639 685 2687 est
708 2640 898 2712 argentum.
934 2657 979 2672 -
1021 2621 1087 2689 Sed
1113 2638 1212 2687 restat
1236 2616 1308 2687 nbn

228 2741 336 2805 minus
362 2740 467 2832 gravis
492 2736 663 2805 dubitatio.
715 2740 789 2821 Quo
818 2739 905 2803 enirn
927 2737 1048 2802 referri
1076 2734 1308 2827 Megaronidis

230 2858 332 2922 verba
365 2880 430 2947 quo
461 2872 563 2945 pacto
599 2876 684 2945 ergo
719 2858 826 2944 igitur
851 2852 1022 2921 dicamus?
1056 2850 1190 2945 quaudo
1225 2878 1312 2944 sup-

229 2993 344 3059 presso
370 2970 473 3035 verbo
501 2994 604 3035 senex
632 2970 769 3061 quaerit.
828 2967 928 3051 Quod
954 2969 1041 3033 enim
1069 2985 1310 3059 exspectamus,

221 3089 344 3171 facias
361 3071 421 3151 ¹vel
448 3109 519 3149 rom
545 3089 762 3150 instituamus
786 3082 841 3149 rel
864 3083 1026 3149 eiusmodi
1054 3081 1233 3174 quiddam,
1270 3081 1311 3148 id

231 3202 340 3288 ipsum
366 3197 456 3264 unde
481 3198 614 3264 tandem
641 3199 707 3264 huc
732 3198 956 3264 asciscamus?
999 3196 1096 3280 Quod
1123 3214 1204 3289 puto
1227 3222 1313 3262 sen-

231 3316 350 3379 tientes
377 3318 484 3404 igitur
508 3317 544 3379 in
575 3330 699 3405 agetur
731 3314 862 3406 priores
889 3311 969 3378 inde
995 3340 1012 3378 a
1040 3311 1170 3378 Merula
1198 3311 1313 3378 edito·

230 3452 285 3491 res
312 3446 485 3493 mutarunt.
547 3429 617 3495 Nec
649 3447 793 3520 repento
820 3428 962 3519 abrupto
992 3429 1135 3493 sermoni
1161 3425 1247 3491 ullus
1274 3428 1312 3492 in

231 3541 363 3631 placida
399 3559 432 3607 ct
466 3542 644 3634 tranquilla
682 3541 919 3610 consultatione
944 3541 1047 3609 locus.
1110 3540 1313 3611 An0dotem

231 3655 328 3719 dabis
365 3657 562 3748 cogitatione
587 3675 720 3749 repetes
745 3682 762 3722 a
788 3659 992 3750 praegressis
1026 3656 1140 3722 dotem
1166 3654 1253 3720 dare
1281 3660 1335 3736 si,

232 3769 404 3835 dixerim?
453 3771 497 3839 At
531 3797 573 3838 nc
599 3773 663 3839 hoo
690 3772 827 3864 quidem
852 3775 935 3838 ratio
962 3775 1107 3864 patitur,
1147 3795 1222 3837 cum
1252 3770 1315 3837 illa

230 3910 299 3952 nun
320 3888 355 3951 in
380 3887 559 3980 principali
587 3889 755 3955 enuntiato
780 3888 886 3980 posita
911 3891 984 3967 sint,
1010 3887 1070 3953 scd
1093 3889 1126 3951 in
1145 3911 1314 3977 suspenso

232 4025 272 4066 err
296 3999 365 4067 illo.
431 4006 504 4087 Quo
532 4003 677 4082 accedit,
704 4003 795 4096 quod
821 4028 888 4070 non
912 4006 1013 4095 magis
1039 4021 1130 4068 recte
1158 4028 1194 4066 ea
1222 4028 1314 4093 quae

232 4117 481 4208 respondentur
499 4119 705 4211 procedunt:
733 4119 819 4183 clam
843 4118 906 4183 dos
926 4118 1080 4211 depromi
1089 4133 1211 4209 potest.
1238 4119 1315 4183 De-

231 4232 352 4297 buerat
389 4233 546 4301 Callicles
585 4234 721 4301 saltem:
765 4235 851 4301 clam
887 4235 949 4300 dos
980 4232 1213 4326 depromenda
1248 4251 1314 4300 est.

232 4351 448 4441 Quanquam,
492 4367 528 4415 ut
557 4352 664 4417 acrias
697 4353 840 4432 instem,
875 4349 1024 4443 itaquid
1051 4348 1183 4417 tandem
1210 4346 1319 4418 docet

232 4464 510 4554 lllegaronidem,
549 4464 641 4558 quor]
671 4467 698 4531 is
733 4491 801 4533 non
835 4483 929 4532 antea
961 4467 1071 4531 scierit
1096 4483 1195 4556 atque
1223 4461 1318 4531 adeo

233 4579 304 4667 ipsc
333 4579 363 4642 ei
392 4578 547 4648 CallIclcs
575 4582 640 4646 suis
672 4580 736 4646 illis
770 4582 919 4648 versibus
954 4583 1159 4672 apertissime
1188 4579 1319 4670 signifi-

233 4695 323 4773 carit,
351 4696 471 4788 quibus
497 4694 548 4763 rel
575 4694 694 4764 soslcre
717 4723 752 4764 se
772 4715 920 4765 metuorc
948 4695 1097 4764 dixerat?
1135 4697 1205 4762 Cur
1223 4696 1317 4763 enim
