2820 5332
433 700 548 746 narrar
571 697 842 747 turnaaaarrnvs.
1108 674 1181 748 369

98 879 193 944 tine:
231 872 348 942 Statui
370 889 522 940 statuam
544 873 735 965 publicitus.
784 875 968 942 Terentius
992 897 1125 968 quoque
1146 880 1184 944 in

97 989 319 1061 Phormione.
371 987 501 1058 Sedet
525 986 671 1058 Plautus
694 994 732 1055 in
757 978 1002 1056 Bacchidibus.-
1030 992 1077 1058 In
1097 990 1185 1059 cede

98 1109 238 1174 Dionae
272 1103 454 1199 publicitus
486 1128 607 1170 curum
638 1120 790 1172 servant.
837 1102 938 1172 Idem
974 1109 1010 1171 in
1044 1103 1188 1201 Amphi·

104 1238 244 1288 truone:
272 1204 340 1289 Ito¹
355 1244 506 1314 peregre
527 1219 715 1288 adueniens
737 1219 917 1313 publicitus
941 1220 1087 1313 bospitio
1116 1220 1191 1311 [oc-

100 1332 233 1429 cipiar].
282 1336 582 1404 verumenimvero
608 1361 670 1404 nec
693 1333 750 1401 illa
774 1335 902 1403 Nonne
928 1335 992 1402 hoc
1008 1336 1189 1428 publicitus

100 1453 136 1518 in
158 1451 273 1519 Sticho
302 1467 439 1531 exstant,
467 1467 605 1518 atvero
632 1451 786 1518 omissum
815 1451 1053 1519 ePhormione
1077 1479 1191 1522 exem-

101 1565 196 1661 plum
221 1590 290 1633 nou
315 1581 366 1631 est
386 1564 479 1632 alind
502 1584 603 1659 atque
627 1563 713 1631 illud
738 1566 866 1658 ipsum,
900 1566 994 1659 quud
1019 1567 1188 1637 Plautinae

100 1681 234 1752 fabulae
261 1681 426 1747 tribuitur.
450 1682 621 1773 Leguntur
647 1682 737 1746 enim
763 1680 846 1747 haec
871 1682 1006 1749 Phorm.
1027 1685 1068 1764 V,
1082 1687 1114 1766 7,
1125 1686 1189 1755 85:

100 1801 230 1868 Nonne
251 1795 315 1862 hoc
336 1794 519 1888 publicitus
543 1794 652 1860 scelus
680 1794 762 1861 hinc
785 1795 1004 1887 deportarier
1027 1796 1073 1867 In
1098 1801 1190 1869 solas

103 1913 242 1980 terrosi
266 1908 311 1997 *).
363 1911 462 1994 Quod
490 1915 635 1978 cum-ita
661 1915 711 1990 sit,
739 1904 937 2004 Suringerns
952 1913 978 1991 Ι,
1004 1939 1039 2006 p.
1057 1917 1104 1985 70
1130 1942 1192 1984 ve.

102 2032 170 2096 reri
196 2054 231 2096 se
259 2030 312 2108 ait,
339 2053 383 2093 ne
401 2027 571 2095 Charisius
588 2027 738 2095 Plautum
764 2029 819 2094 hic
843 2027 930 2093 male
957 2030 1107 2096 citaverit
1128 2056 1192 2124 pro

102 2144 275 2212 Terentio.
327 2145 417 2223 Esto,
446 2162 480 2210 ut
501 2142 636 2208 Plautus
663 2141 834 2210 diceretur
858 2167 921 2236 pro
949 2147 1126 2213 Terentio:
1148 2148 1193 2215 ita

103 2259 246 2328 restaret
274 2260 455 2328 Terentius
486 2262 530 2324 in
562 2256 718 2323 eadem.
769 2259 812 2324 Et
837 2259 1014 2326 commode
1035 2285 1114 2327 saue
1137 2288 1193 2330 ao-

104 2375 202 2483 cidip,
232 2373 343 2469 qnod,
378 2398 445 2466 quo
481 2371 558 2440 loco
593 2373 747 2465 proximo
774 2373 928 2440 Terentii
952 2372 1037 2439 sacta
1063 2377 1191 2445 mentio

103 2508 192 2570 crat,
227 2491 275 2555 ibi
302 2514 343 2556 ex
365 2492 437 2582 ipsa
462 2488 665 2555 Phormione
691 2489 793 2554 rerba
817 2504 936 2581 poetae
968 2489 1098 2583 prolata
1134 2516 1194 2557 ex-

104 2623 208 2686 stant,
239 2628 429 2699 quanquam
461 2603 635 2670 interiecta
669 2627 735 2670 non
770 2602 827 2670 illa
862 2622 988 2672 tantum
1022 2609 1192 2674 notatione

105 2746 191 2814 quae
217 2738 267 2787 est
292 2719 336 2786 de
358 2717 546 2811 perplexim
572 2716 740 2797 adverbio,
765 2716 825 2784 sed
847 2719 1007 2786 uberiore
1036 2722 1133 2787 etiam
1149 2719 1193 2788 de

102 2860 259 2930 propere.
312 2834 383 2903 Sed
409 2853 521 2902 tamen
554 2852 590 2900 ut
615 2834 673 2900 has
699 2832 839 2925 quidem
862 2838 1048 2902 notationes
1072 2833 1193 2930 lar·gia-

104 2977 178 3019 mur
207 2949 260 3019 vel
290 2951 456 3044 posterius
487 2951 628 3016 insertas
672 2947 726 3013 vel
764 2973 822 3014 sua
856 2947 941 3015 sede
975 2968 1080 3017 motas
1106 2975 1191 3036 esse,

104 3069 188 3164 quid
213 3071 270 3136 fiat
293 3068 355 3148 his,
382 3091 467 3160 quae
493 3084 570 3159 post
594 3066 711 3132 Titinii
731 3065 922 3159 exemplum
936 3069 1102 3137 iterantur
1119 3093 1192 3138 mo-

105 3184 304 3252 lestissime:
341 3185 523 3251 Terentius
547 3206 679 3276 quoque
704 3185 742 3248 iu
768 3182 1004 3250 Phormione?
1029 3187 1194 3269 Quocirca

105 3325 166 3368 nos
192 3299 366 3396 demptum
392 3301 605 3392 grammatico
633 3298 763 3364 crimen
797 3299 833 3361 in
864 3297 1019 3366 librarios
1051 3303 1193 3370 transfe-

105 3418 216 3483 rimus.
257 3413 384 3499 Quodsi
410 3417 445 3479 in
470 3416 591 3481 nostris
615 3413 721 3481 Stichi
741 3410 911 3479 Plautinae
938 3414 1101 3509 exemplis
1115 3444 1192 3486 mss.

106 3531 267 3600 excidisse
292 3529 440 3622 aliquem
465 3528 661 3596 versiculum
689 3529 890 3598 conieceris:
927 3547 1028 3624 atque
1056 3532 1194 3602 excide-

105 3666 183 3714 runt
216 3671 351 3723 revera,
384 3662 420 3710 ut
451 3667 492 3709 cx
515 3641 736 3711 Ambrosieno
761 3641 880 3712 codice
908 3643 1062 3714 deleticio
1088 3674 1193 3741 appa-

105 3781 170 3842 ret,
195 3787 311 3828 versus
334 3759 434 3854 louge
462 3758 598 3852 plurimi
633 3776 667 3825 et
687 3758 750 3824 alia
776 3757 919 3851 plurima
944 3760 1073 3826 turbata
1097 3780 1192 3853 eunti

106 3877 189 3942 haec
229 3878 379 3967 potnerit
415 3875 555 3968 pristina
592 3875 725 3965 species
769 3873 945 3939 notationis
976 3874 1190 3943 Charisianus

109 4016 202 4058 esse:
229 3987 425 4058 Publicitus.
453 3989 598 4057 Plautus
624 3992 661 4053 in
686 3985 822 4052 endem:
848 4032 997 4054 .....
1001 3992 1002 3995 ’
1024 4038 1033 4058 .
1059 3991 1190 4057 Teren.

105 4112 173 4173 tius
193 4129 324 4197 quoque
348 4109 386 4170 in
407 4099 635 4172 Phormione:
674 4103 801 4168 Nonrre
825 4100 890 4166 hoc
911 4101 1102 4194 publicitus.
1135 4105 1193 4174 ubi

160 4416 189 4483 ⁹)
216 4414 258 4465 Sic
274 4416 343 4466 enim
364 4414 389 4464 in
408 4411 480 4465 libris
501 4410 619 4464 omnibus
636 4410 759 4477 scriptum
778 4415 826 4471 est,
844 4404 888 4474 qui
909 4399 1036 4453 fluxerunt
1049 4415 1081 4450 ex
1092 4395 1192 4450 Callio-

207 4500 242 4568 pii
260 4501 421 4551 recensione.
460 4499 508 4552 Pro
528 4513 580 4567 quo
599 4513 615 4550 e
634 4498 757 4549 Bembina
776 4494 866 4546 codice
884 4487 1075 4557 recipiendum:

323 4619 376 4654 non
395 4603 444 4655 boc
459 4602 596 4673 publicitus
614 4602 697 4655 scelus
715 4602 777 4654 hinc
793 4597 970 4667 asportarier:

207 4707 281 4760 cuias
298 4707 441 4776 scripturae
457 4705 556 4759 nnllam
572 4706 641 4774 apud
660 4705 786 4758 Faernnm
800 4701 947 4769 vangium.

952 4798 999 4864 tt
