2820 5332
223 671 294 743 598
567 699 598 741 x.
641 699 684 743 oe
709 696 838 744 oerum
863 690 960 744 extet

228 892 286 935 eos
312 892 425 936 versuo
449 869 562 958 sequi,
597 868 719 960 quihus
745 864 790 933 de
813 865 937 959 nuptiis
961 882 1095 959 egetur:
1130 883 1232 959 atque
1262 885 1320 940 est

224 982 291 1050 hoe
317 1007 395 1049 seue
418 983 463 1047 ita
489 1004 617 1059 verum,
642 996 688 1059 ut,
714 982 741 1046 si
760 978 872 1060 vellet,
898 981 1046 1074 potuerit
1069 981 1214 1054 obv-12
1233 1006 1316 1053 eam

224 1100 447 1168 narrationem
475 1095 589 1164 ordiri.
651 1094 719 1165 Sed
748 1094 892 1164 eundem
917 1121 945 1162 v.
975 1099 1021 1164 tt
1044 1118 1112 1163 noo
1138 1097 1222 1164 item
1251 1120 1316 1165 eo·

226 1214 382 1304 gitatiooe
409 1209 666 1305 comprehendit
691 1210 879 1303 deinceps,
905 1211 1069 1284 oum-hoe
1091 1236 1164 1280 esse
1191 1237 1317 1279 vorm

226 1327 395 1397 tollendos
417 1327 517 1408 dicit,
549 1327 582 1393 te
611 1352 639 1394 e.
665 1351 742 1406 eos,
776 1327 898 1419 quibos
922 1345 1114 1418 repugnent
1137 1328 1315 1396 tobiuneti

225 1470 258 1510 v.
287 1447 438 1536 12sqq.‚
472 1441 548 1512 illos
583 1441 735 1535 quidem:
779 1444 828 1510 Te
859 1440 1099 1533 mpeetabam
1129 1468 1239 1542 usque
1265 1443 1314 1512 ad

227 1560 379 1631 onrem
405 1575 439 1628 et
464 1558 556 1625 dotis
578 1582 641 1626 sem
666 1559 802 1625 talenta
825 1557 987 1649 spondeo.
1193 1562 1196 1569 '

324 1675 400 1740 Non
425 1691 553 1765 postest
575 1675 640 1744 iem
666 1672 783 1751 latere,
807 1698 894 1765 quoe
920 1698 1000 1740 vem
1023 1675 1107 1741 ratio
1133 1675 1175 1741 sit
1197 1677 1313 1744 ineer-

226 1804 332 1855 torom
359 1808 435 1881 post
456 1815 483 1859 v.
500 1791 545 1858 12
569 1814 723 1857 versuum
745 1787 889 1869 iliorum,
914 1812 1025 1880 neque
1049 1789 1132 1882 fugit
1158 1815 1195 1857 ea
1220 1793 1314 1860 ratio

226 1900 435 1974 Gmuertum.
484 1906 614 1973 Etenim
651 1890 922 1996 eiuplexolim
948 1904 1090 1970 exituo
1114 1903 1316 1976 Andriae

226 2019 356 2093 exstitit.
407 2020 532 2087 Eorum
557 2020 694 2087 brevior
718 2018 811 2098 alter,
836 2042 904 2112 quo
928 2021 1016 2086 intus
1040 2036 1241 2090 mansuetum
1267 2025 1313 2092 iri

225 2131 268 2201 de
291 2134 429 2205 Charini
454 2136 577 2228 nuptiis
603 2135 823 2226 significatur,
856 2133 1082 2228 perplurima
1104 2135 1312 2228 exemplaria

225 2246 268 2314 od
293 2272 354 2315 nos
382 2267 431 2317 est
454 2267 670 2343 propagatus:
706 2247 791 2317 alter
816 2265 945 2330 autem,
979 2273 1047 2342 qoo
1078 2248 1124 2317 do
1148 2251 1217 2316 istis
1245 2276 1314 2318 no„

224 2365 302 2455 ptiis
324 2388 408 2431 nove
433 2363 561 2432 adiecto
587 2390 685 2433 scena
711 2388 824 2434 eorem
851 2366 1095 2455 spectatoribus
1117 2368 1311 2459 aBamphi·

224 2476 269 2558 lo,
294 2479 478 2547 Chremem
507 2500 540 2548 et
552 2479 698 2547 Charino
726 2477 839 2547 dedita
860 2503 963 2571 opero
988 2482 1104 2571 egitur,
1131 2506 1218 2547 nune
1246 2481 1310 2549 de-

223 2620 313 2678 mum
341 2593 452 2662 denuo
475 2597 627 2666 innotuit
690 2595 761 2663 Nec
787 2613 899 2664 tameo
921 2594 990 2662 uilo
1018 2598 1154 2688 vestigio
1180 2621 1222 2665 eo
1245 2597 1311 2665 du-

225 2712 339 2788 cimur,
365 2730 400 2778 ut
424 2712 459 2776 in
484 2711 550 2779 hoo
575 2709 713 2803 quidem
737 2711 827 2777 exitu
853 2731 980 2777 servato
1001 2712 1102 2779 fuisse
1125 2712 1181 2778 iile
1204 2714 1312 2781 verbo

223 2844 397 2918 putemust
424 2843 471 2905 tu,
497 2828 607 2898 Dave.
632 2824 691 2893 abi
711 2824 864 2891 domum:
884 2851 1031 2918 propere
1053 2852 1199 2909 arcesse,
1227 2829 1314 2897 bino

224 2944 283 3034 qui
314 2944 481 3028 auferant
517 2967 602 3013 eam.
641 2943 726 3034 qued
759 2943 854 3009 stas?
894 2942 977 3034 quid
1009 2968 1132 3012 cessas.
1170 2947 1215 3015 D.
1248 2970 1312 3017 eo:

222 3081 309 3148 quoe
331 3057 487 3124 Grauerti
509 3058 608 3126 fuisse
634 3084 730 3126 mens
756 3059 890 3127 videtur
915 3085 948 3151 p.
978 3057 1057 3128 198.
1110 3061 1249 3142 Contra,
1275 3083 1314 3133 ut

223 3172 265 3240 ab
293 3196 332 3240 eo
360 3197 458 3240 versu
485 3177 542 3265 qui
570 3193 621 3240 est
645 3176 694 3250 Te
720 3174 959 3266 exspectabam
985 3200 1014 3240 e.
1025 3200 1057 3268 q.
1070 3201 1093 3241 s.
1116 3200 1201 3243 nove
1228 3200 1313 3270 pos·-

220 3305 272 3357 εει
293 3313 396 3357 soene
423 3288 539 3371 ordiri,
566 3289 695 3383 aliquid
719 3288 888 3357 adiectum
913 3292 1092 3382 oportebat
1117 3311 1193 3384 post
1216 3293 1308 3361 Cho.

225 3403 292 3470 riui
317 3405 420 3470 verbo
438 3409 622 3491 factorum
643 3430 731 3498 quae
755 3407 844 3471 voles
868 3411 938 3472 scio
962 3431 1035 3473 esse
1061 3411 1185 3473 onznia
1227 3409 1316 3477 Nom

223 3535 260 3584 ut
280 3541 368 3584 nuno
397 3518 480 3589 haee
507 3522 681 3601 habentur,
710 3542 743 3591 et
758 3521 922 3615 Pamphili
944 3547 1143 3615 responsum
1168 3522 1311 3592 deside-

222 3651 323 3713 ratur,
352 3657 421 3727 quo
436 3659 473 3701 se
496 3658 624 3704 morem
641 3638 788 3706 Charino
815 3655 984 3730 gesturum
1006 3636 1216 3731 polliceatur,
1243 3664 1312 3707 nee

227 3745 406 3830 docemur,
435 3750 527 3845 quod
550 3752 712 3846 imprimis
739 3771 850 3825 nostre
875 3753 980 3821 refert
1004 3754 1110 3832 scire,
1147 3754 1188 3819 ab
1215 3756 1315 3823 initio

230 3889 348 3932 scenae
385 3868 599 3936 Chremetem
633 3869 740 3937 solum
779 3893 854 3935 cum
878 3868 951 3937 solo
975 3868 1152 3961 Pamphilo
1176 3873 1319 3951 versari,

230 4004 296 4049 neo
320 3982 362 4047 ab
388 3982 448 4049 illo
480 3984 663 4056 Charinum
698 3987 893 4078 Davumque
918 3987 1076 4077 conspici.
1137 3985 1316 4053 Excidisse

232 4095 331 4186 igitur
359 4095 487 4191 aliquos
525 4097 706 4171 versiculos
742 4101 955 4179 coniicimus,
990 4101 1111 4196 quihus
1144 4098 1239 4169 velut
1270 4100 1317 4168 ad

231 4206 298 4280 hoc
323 4212 515 4304 exemplum
542 4215 695 4305 superior
714 4239 812 4282 eeena
838 4217 1093 4282 terminareturt

264 4322 355 4411 (011.)
395 4322 487 4396 Te'us
511 4347 562 4396 est
588 4354 681 4400 rrunc
704 4327 882 4406 Cirretiie's:
909 4335 1092 4417 sactorum
1115 4325 1202 4420 quae
1229 4331 1327 4399 voles

823 4453 893 4513 scio
917 4472 990 4513 esse
1015 4443 1139 4515 omnia.

266 4575 325 4627 ΡΑ.
382 4553 545 4631 Me'mini:
572 4578 673 4654 atque
699 4562 786 4630 adeo
822 4580 858 4628 ιιι
885 4559 977 4629 volui
1010 4560 1220 4628 commodem
1255 4556 1324 4629 heic

825 4703 933 4749 senex
958 4674 1030 4746 exit
1045 4683 1162 4766 joras.
