2820 5332
242 665 316 740 494
448 692 515 738 nri.
565 693 606 736 on
634 693 781 738 sensuro
803 693 971 740 seruiunt
994 697 1116 742 ououus

247 863 365 930 beatus
391 866 512 930 crissi
535 862 697 930 claniabir
721 863 829 950 dixit.)
863 863 952 947 Quid
977 864 1076 957 igitur
1103 885 1136 932 et
1162 864 1332 959 spirando?

195 1042 198 1049 .
247 983 297 1046 Au
322 979 521 1046 Philolache
548 978 743 1046 clamaverat
768 1000 860 1047 extru
882 982 1031 1045 versum}¹
1091 981 1168 1046 Non
1199 983 1227 1048 is
1262 983 1331 1050 luit

244 1097 396 1186 prolecto
425 1119 496 1161 mos
526 1096 758 1187 antiquorum,
793 1115 829 1162 ut
861 1113 916 1161 out
948 1093 1065 1185 plura,
1100 1121 1197 1188 quum
1233 1123 1329 1190 quac

242 1213 323 1304 ipsis
349 1211 498 1277 versibus
525 1228 626 1303 poete
649 1213 887 1302 expressisset,
918 1210 1047 1276 fabulae
1079 1236 1243 1304 personae
1270 1213 1329 1281 lo·
1394 1252 1399 1259 ·

243 1346 436 1418 querentur,
461 1344 517 1392 eut
538 1351 622 1418 quae
649 1327 690 1391 ub
716 1327 767 1391 bis
792 1325 850 1393 ille
874 1328 1079 1420 pronuntiari
1103 1326 1223 1407 vellet,
1251 1355 1326 1397 nou

244 1445 342 1508 etiarn
369 1442 518 1507 versibus
544 1441 857 1533 comprehenderet.
916 1440 984 1508 Sed
1010 1444 1118 1509 serius
1144 1445 1239 1510 etiarn
1268 1448 1327 1512 in-

190 1629 192 1632 ,
242 1573 375 1624 stemus.
426 1557 510 1621 Nem
536 1555 628 1649 quod
654 1584 683 1625 v.
708 1559 755 1628 88
777 1556 1017 1651 Theuropides
1048 1559 1141 1649 Quid
1161 1560 1323 1627 Philola-

243 1673 374 1740 chetem
395 1674 439 1739 ait
468 1689 615 1763 gnatum
631 1675 810 1767 compellat
832 1673 977 1760 meum*)
1004 1675 1063 1743 Sic
1088 1691 1123 1740 et
1141 1682 1328 1768 praesenti

244 1790 309 1857 tibi
329 1792 428 1875 saeit
462 1793 665 1869 convicium,
701 1787 787 1855 illud
823 1814 889 1883 quo
923 1790 1055 1856 taudem
1089 1809 1240 1883 spectare
1265 1791 1323 1859 di-

243 1905 379 1973 cemus?
432 1906 759 1972 Commemoruverst
784 1903 910 1971 danista
936 1903 1169 1972 Philolachetis
1195 1931 1324 1973 nomeu

242 2046 358 2090 secum
382 2020 512 2088 loeutus
536 2046 566 2087 v.
588 2021 654 2088 33:
687 2019 750 2086 sed
772 2020 1019 2086 Philolachetis
1050 2045 1164 2086 ecclam
1186 2045 1322 2088 servom

243 2139 429 2205 Tranium:
452 2136 532 2201 item
560 2158 578 2201 e
603 2136 774 2202 Tranione
796 2162 824 2204 v.
839 2131 887 2206 46
914 2137 1101 2228 quaesierat
1124 2136 1325 2228 simpliciter

242 2251 301 2319 ubi
320 2250 538 2317 Philolaches
563 2266 630 2316 est:
671 2249 808 2318 illueine
833 2252 933 2344 igit-ur
957 2254 1142 2349 respexisse
1162 2252 1325 2321 Tbeuro·

241 2365 357 2460 pidem
382 2382 461 2458 post
485 2364 704 2458 quadraginta
729 2390 882 2432 versuum
896 2365 1110 2433 intervallum
1135 2363 1325 2435 credibile?

229 2471 285 2549 'Et
307 2499 345 2548 ut
369 2480 405 2546 id
430 2480 568 2574 quidem
593 2478 710 2547 credas
736 2480 941 2561 liberaliter,
964 2483 1116 2574 ipsumne
1139 2481 1323 2573 eonspellat

242 2598 382 2664 verbum
409 2622 448 2663 eo
471 2595 582 2663 velere
608 2613 721 2689 potest
744 2617 781 2664 ut
805 2597 889 2664 nihil
915 2599 1042 2663 sitnisi
1067 2600 1203 2664 nomine
1226 2597 1325 2666 dice·

242 2737 291 2793 re,
317 2713 508 2780 nominatim
540 2701 823 2794 comuiemorsre,
863 2739 904 2779 an
929 2714 964 2777 in
991 2739 1066 2778 eum
1091 2714 1200 2805 potius
1231 2713 1324 2781 cudit

242 2852 304 2895 usu
337 2853 475 2920 prorsus
507 2829 693 2909 constanti,
731 2829 789 2920 qui
815 2827 990 2920 appellans
1024 2829 1168 2920 aliquem
1200 2854 1323 2897 revere

242 2941 456 3035 alloquatur?
484 2944 532 3009 Ex
556 2943 607 3008 his
624 2923 733 3035 igitur,
756 2944 1044 3009 uisiveliementer
1058 2941 1210 3023 fallimur,
1237 2967 1323 3010 con-

242 3055 417 3124 sectarium
444 3058 510 3125 hoc
537 3076 602 3138 est,
636 3076 672 3125 ut
697 3057 816 3151 aliquis
843 3061 930 3125 inter
951 3084 980 3125 v.
1008 3059 1056 3128 59
1083 3077 1116 3126 et
1141 3058 1187 3127 60
1213 3063 1323 3127 versi-

243 3170 336 3240 culus
362 3172 584 3262 interciderit,
621 3198 723 3266 quem
754 3171 844 3239 velut
872 3174 937 3240 hoe
969 3172 1123 3266 exemplo
1157 3173 1323 3266 redipisci

242 3288 379 3356 licebit:
1128 3292 1135 3305 ⁸

295 3439 343 3508 59
394 3460 451 3505 uA.
478 3439 556 3504 Iam
580 3438 692 3505 hercle
718 3434 782 3531 ige
809 3438 912 3504 illunc
927 3437 1120 3505 nominabo.
1153 3461 1209 3507 ru.
1235 3465 1324 3533 euge

835 3579 920 3646 euge
944 3549 1092 3621 stre'nue.

392 3690 449 3738 uA.
481 3669 577 3735 Heus
608 3663 825 3744 Philolache,
859 3674 918 3735 esci
952 3668 1017 3735 huc
1053 3666 1160 3737 intus:
1189 3671 1324 3753 faenus

830 3778 974 3849 riddito.
1271 3782 1274 3787 ’

294 3897 341 3969 60
393 3923 449 3968 rs.
477 3900 606 3966 Becltus
639 3923 716 3966 vero
746 3923 781 3964 cs
820 3891 912 3964 arluc
946 3925 1046 3994 quom
1076 3901 1211 3968 clamas.
1263 3922 1324 3968 uA.

834 4008 943 4080 metim
962 4033 1052 4109 pelo.

245 4162 311 4230 Vel
336 4187 409 4229 mea
436 4187 549 4230 caussa
565 4163 660 4229 Heus
685 4155 893 4244 Philolache,
920 4169 993 4230 exi:
1021 4159 1053 4229 te'
1068 4161 1324 4258 Misargyride's

247 4296 364 4345 vocat:
400 4276 454 4345 vel
486 4281 582 4345 Heus
616 4273 834 4354 Philolache,
873 4284 945 4344 exi:
983 4275 1165 4372 argdntum
1202 4281 1324 4359 redde,

296 4580 322 4647 η
340 4597 429 4642 meam,
449 4581 683 4649 quoducodicibus
704 4582 785 4646 obest,
804 4593 874 4636 reete
890 4585 986 4637 eddidit
1007 4587 1175 4640 Camerarius.
1194 4588 1328 4655 ineptiunt

346 4677 390 4744 qui
408 4679 483 4742 ferox
502 4692 560 4729 eum
577 4677 674 4742 Pylade
693 4679 824 4730 adiiciunt.
