2820 5332
251 763 298 832 66
587 787 621 830 n.
648 786 690 829 or
717 785 846 829 serere
873 785 1002 830 essert.

248 957 310 1024 sed
338 956 396 1051 qui
422 976 548 1024 tantum
571 980 639 1023 non
667 980 806 1047 semper
830 955 950 1021 Publio
977 953 1112 1048 Nigidio
1149 956 1338 1021 tribuentur

250 1071 356 1157 (velut
391 1073 439 1138 sic
464 1072 499 1136 in
525 1072 600 1137 Vnt.
628 1065 741 1139 3304:
776 1094 819 1134 ex
848 1067 973 1158 Agelio
999 1120 1007 1136 .
1035 1120 1043 1136 .
1071 1120 1078 1136 .
1105 1067 1246 1138 Publius
1272 1073 1337 1137 Ni-

247 1186 363 1276 gidius
388 1235 395 1250 .
419 1233 427 1249 .
454 1233 462 1248 .
500 1183 586 1249 libro
620 1159 725 1277 (luem¹
753 1183 796 1249 de
827 1187 939 1274 poetis
972 1189 1108 1276 scripsit
1138 1210 1166 1250 e.
1193 1211 1228 1277 q.
1252 1210 1277 1249 s.
1304 1203 1337 1250 et

248 1300 398 1366 similiter
422 1300 457 1363 in
477 1301 549 1365 Vnt.
565 1301 670 1370 2831.
687 1301 792 1370 1619.
819 1297 1001 1364 Alexandr.
1022 1299 1125 1369 1680.
1153 1298 1220 1365 Pal.
1233 1297 1337 1367 1616.

251 1417 341 1484 1617
370 1411 537 1504 (nigroy).
571 1415 675 1485 1618.
707 1412 768 1491 ak,
807 1411 911 1479 semel
947 1407 1103 1482 Vulcano
1129 1413 1267 1482 Sedieio
1301 1416 1337 1478 in

247 1529 367 1622 Augei.
402 1532 444 1594 T.
470 1526 505 1596 6.
535 1533 574 1598 11
611 1547 645 1597 et
676 1525 857 1618 Segidicus
890 1528 925 1592 in
956 1525 1024 1594 Pul.
1057 1527 1187 1617 1614):
1220 1528 1336 1622 quode
1387 1581 1389 1586 .

245 1644 286 1713 cf.
313 1642 438 1710 Osann.
463 1642 559 1709 Anni.
586 1644 656 1710 crit.
682 1666 716 1734 p.
744 1637 787 1709 4:
825 1658 861 1707 ut
888 1641 973 1709 haee
1003 1643 1074 1736 ipse
1108 1643 1245 1711 nomine
1270 1641 1333 1707 eli-

245 1757 381 1853 quando
407 1775 544 1852 reperta
573 1783 644 1825 esse
670 1758 705 1822 in
724 1755 886 1823 Gelliauis
912 1756 1008 1824 libris
1021 1734 1207 1831 videantur.
1233 1759 1335 1822 Prae-

244 1893 337 1943 terea
381 1898 399 1939 e
431 1874 597 1939 Macrobii
630 1872 762 1938 Saturn.
796 1871 843 1953 Il,
873 1878 888 1938 1
924 1874 959 1937 in
994 1870 1157 1966 quosdam
1194 1871 1331 1939 codices

241 1987 319 2055 talia
346 1986 694 2080 transierunt,'quslia
719 1988 823 2052 habes
849 1988 883 2050 in
903 1987 976 2054 Vnt.
1003 1989 1109 2058 2831.
1130 1986 1199 2053 Pal.
1223 1984 1333 2056 1617:

244 2104 292 2169 In
316 2100 403 2166 libro
441 2099 485 2167 de
520 2106 590 2168 vita
621 2117 656 2167 et
681 2100 830 2167 moribus
852 2101 1129 2194 philosophorum
1150 2106 1200 2167 sic
1224 2101 1333 2191 ioqui-

243 2231 317 2282 tur:
355 2211 500 2285 Plautus
514 2232 620 2309 poeta
644 2220 789 2282 comicus
807 2218 841 2282 T
837 2216 899 2283 ulii
922 2215 1105 2308 discipulus
1115 2217 1246 2283 Romae
1261 2215 1332 2280 cla-

242 2334 323 2397 ruit.
347 2329 402 2396 hie
420 2346 564 2423 propter
588 2353 752 2395 annonae
777 2329 1013 2418 dffeultatem
1037 2355 1066 2396 e.
1092 2355 1125 2423 q.
1153 2356 1177 2395 s.
1185 2378 1196 2410 ,
1238 2331 1331 2397 cuius

242 2446 423 2533 sommenti
449 2448 542 2538 origo
569 2443 758 2536 repetenda
795 2470 813 2510 e
839 2428 1065 2513 Itloerobianis
1093 2442 1219 2513 codicis
1245 2445 1331 2514 Vrb.

240 2558 331 2632 362:
359 2564 463 2626 etiam
485 2563 596 2652 primo
621 2558 670 2624 od
692 2559 930 2627 animadverto
954 2559 1040 2626 duos
1064 2582 1148 2651 quos
1168 2558 1331 2652 eloquen-

150 2731 152 2735 ,
239 2654 387 2742 tissimos
421 2679 566 2768 antiqua
600 2691 698 2763 aetus
727 2675 872 2766 protulit
908 2676 1079 2743 Comitum
1111 2670 1274 2744 Plautum
1294 2688 1330 2738 et

242 2792 425 2864 Oratorem
452 2791 586 2860 Delium
611 2772 669 2855 eos
693 2788 828 2854 auibus:
863 2794 968 2854 etium
1004 2788 1052 2854 ad
1086 2790 1247 2857 Iocorum
1274 2811 1330 2853 ve-

22 2905 29 2915 ’
99 2902 104 2908 ’
238 2922 413 2992 trustatem
439 2909 584 2970 caeteris
606 2909 828 2998 praestitisse.
854 2903 954 2970 Vnde
977 2906 1012 2968 in
1037 2905 1109 2971 Vnt.
1130 2900 1328 2975 2831.Pa1.

242 3016 334 3088 1617
367 3020 562 3110 Hieronymi
601 3019 644 3085 de
669 3019 766 3088 molis
790 3022 968 3085 mansoriis
995 3019 1220 3084 uasrotionem
1245 3016 1332 3083 haec

240 3135 423 3225 excipiunt:
440 3135 521 3218 fuit
546 3149 659 3197 aretem
684 3135 988 3227 eloquentissimum.
1033 3133 1159 3213 Servii,
1188 3133 1330 3199 Cicero·

236 3247 288 3313 nis
324 3245 405 3332 (Off.
442 3245 472 3324 I,
506 3243 568 3328 99)
604 3248 865 3339 Quintilianique
901 3246 945 3314 de
987 3245 1102 3314 Plauto
1136 3247 1325 3312 testimonia

213 3349 427 3454 'composuit
460 3359 529 3429 Pal.
566 3357 678 3440 1614,
714 3379 748 3429 et
786 3363 849 3429 hac
882 3350 1067 3456 praemisso
1107 3363 1328 3455 inscriptione

237 3477 292 3548 De
328 3480 398 3541 vita
438 3474 685 3566 comoediisque
721 3473 842 3563 Plauti
874 3492 1037 3567 excerpta
1070 3475 1238 3567 quaedam
1285 3501 1330 3541 ex

237 3587 435 3654 auctoribus
459 3593 675 3680 gravissimis
699 3590 793 3658 Med.
807 3591 964 3672 XXXVI,
986 3591 1043 3661 37.
1071 3589 1220 3683 Gellium
1246 3590 1329 3670 1,·7.

238 3704 312 3782 vll,
344 3708 398 3772 17.
425 3705 519 3784 ΧΙΧ,
546 3707 570 3774 8
605 3724 813 3798 sequuntur,
846 3707 904 3798 qui
938 3707 1079 3797 linguae
1110 3707 1242 3772 latinae
1263 3730 1329 3799 pu-

239 3833 327 3885 trem
367 3817 507 3885 dixere:
548 3844 589 3886 ex
625 3820 848 3912 eiusdemque
885 3817 946 3886 lib.
975 3822 1006 3902 I,
1037 3819 1085 3891 24
1126 3822 1329 3914 epigramma

234 3930 423 3999 Plautinum
450 3934 591 4025 repetiit
612 3959 687 4019 oum
713 3933 785 4000 aliis
808 3936 999 4004 Marcianus
1024 3931 1202 4014 X11‚1·6‘.¹.

755 4122 819 4186 11.

695 4240 750 4317 Ad
775 4248 807 4335 S.
837 4254 868 4317 1.

338 4381 503 4461 Quattuor
528 4353 656 4446 tontum
681 4398 758 4447 sunt
785 4406 803 4447 e
829 4381 961 4474 triginta
996 4382 1130 4448 circiter
1153 4381 1244 4448 Bruti
1267 4407 1328 4450 eo·

237 4491 369 4559 dinibus
403 4495 719 4586 Legomorsinianis,
744 4495 778 4559 in
807 4497 928 4587 quibus
962 4497 1036 4562 reri
1063 4499 1193 4563 numeri
1221 4516 1329 4563 trans-

232 4609 335 4675 ierint
369 4609 403 4673 in
430 4606 772 4700 quadringentesimo
811 4608 960 4692 decimo,
995 4611 1087 4705 quod
1110 4613 1223 4679 vitium
1246 4612 1327 4678 inde

231 4722 276 4788 ab
300 4721 391 4790 Aldo
419 4724 520 4832 etiem
543 4721 708 4791 editiones
734 4723 897 4817 quasdam
921 4727 1050 4794 invasit.
1091 4727 1213 4793 Ortum
1238 4724 1324 4791 illud
