2820 5332
119 838 121 843 .
214 755 261 822 52
551 776 586 817 u.
613 775 656 816 ns
683 772 810 818 tertre
838 773 968 819 actvm.

212 949 402 1017 necessario
429 946 571 1013 alienam
601 970 674 1013 esse
698 966 867 1040 appareat
911 943 951 1010 ld
979 945 1068 1012 enim
1092 965 1195 1037 agens
1220 944 1306 1010 scri-

212 1081 300 1155 ptor,
327 1079 364 1127 nt
389 1063 493 1127 serius
518 1061 686 1151 poeticam
709 1062 879 1152 accepisse
892 1059 1060 1128 Romanos
1086 1059 1220 1138 doceat,
1248 1082 1309 1123 an-

133 1266 136 1272 d
212 1179 433 1271 tiqnissimnm
480 1174 577 1241 affert
617 1174 755 1267 publice
790 1173 883 1242 editi.
906 1176 1060 1242 carminis
1099 1171 1307 1267 exemplum,

212 1291 304 1385 quod
331 1293 402 1356 esse
426 1291 598 1355 Liviannm
620 1288 706 1355 iilud
732 1289 832 1373 dicit3
868 1313 933 1355 uua
969 1309 1079 1356 autem
1110 1313 1185 1355 eum
1211 1289 1306 1355 Livio

212 1409 369 1499 quomam
395 1422 431 1470 ut
456 1407 652 1471 vetustiores
677 1402 819 1497 reliquis
843 1406 997 1471 omnibns
1025 1405 1204 1495 unicuique
1230 1414 1307 1469 sue-

212 1522 393 1588 currcbant
418 1522 569 1599 Naevius,
605 1519 755 1598 Plautus,
781 1520 920 1599 Ennius,
950 1516 1035 1585 nihil
1059 1520 1235 1585 instituere
1260 1514 1305 1582 ad

212 1661 304 1702 snam
330 1636 652 1727 argumentationem
678 1633 958 1701 accommodatius
984 1636 1110 1726 potnit,
1142 1656 1242 1725 qnam
1269 1649 1307 1697 nt

211 1778 253 1818 ne
279 1752 340 1816 hos
368 1748 521 1842 quidem,
559 1750 622 1814 etsi
648 1766 785 1841 praeter
807 1749 935 1814 Livium
961 1749 1226 1841 antiquissimos,
1259 1743 1301 1811 ad

210 1868 307 1931 huius
340 1866 443 1958 ipsius
478 1881 621 1930 aetatem
652 1886 791 1955 prorsus
819 1861 984 1930 accedere
1014 1863 1162 1930 breviter
1187 1883 1304 1927 mone-

210 1997 270 2046 ret.
296 1975 402 2045 Modo
428 1977 541 2070 aliquo
567 1979 706 2045 artificio
729 1976 816 2043 iilud
840 1980 949 2070 ipsum
977 1976 1150 2056 efficiatur,
1176 1995 1305 2043 utnon

210 2094 290 2160 salsa
316 2092 361 2159 de
383 2095 504 2159 horum
531 2094 739 2184 temporibus
765 2089 947 2158 tradantur.
973 2091 1086 2186 quue
1114 2094 1163 2159 sie
1186 2114 1307 2158 couse-

211 2210 269 2300 qui
301 2232 373 2273 scse
407 2231 508 2299 posse
540 2232 615 2272 cnm
657 2207 699 2276 G.
726 2208 750 2272 Ι.
779 2208 900 2275 Vossio
936 2207 980 2274 de
1009 2209 1124 2274 histor.
1150 2206 1208 2276 tat
1229 2204 1304 2284 Η

209 2324 427 2414 Funccioqne.
454 2319 498 2386 de
526 2319 674 2387 adolesc.
700 2318 755 2387 lat.
783 2321 805 2387 l.
832 2322 874 2402 H,
902 2325 922 2391 7
948 2318 1108 2402 Oreiiins,
1134 2324 1303 2399 Moserus,

210 2436 507 2529 spangenbergius
520 2436 603 2500 Eun.
624 2437 710 2501 Anu.
726 2435 841 2528 fragm.
869 2437 1004 2528 p.V111,
1033 2436 1187 2503 Osaunns
1205 2433 1302 2504 Anni.

211 2553 283 2617 crit.
308 2577 342 2642 p.
369 2547 417 2618 43
441 2552 567 2642 opinati
589 2569 673 2629 snnt,
707 2555 840 2642 utqui
865 2576 1056 2643 pronomen
1076 2575 1144 2619 non
1166 2549 1208 2616 ad
1235 2552 1306 2616 En-

208 2665 322 2742 nium,
361 2663 423 2730 sed
450 2662 494 2728 ad
518 2665 628 2755 ipsum
656 2665 784 2729 Livium
812 2664 990 2731 referrent.
1044 2663 1143 2748 Quod
1166 2664 1193 2729 si
1221 2688 1303 2730 con-

128 2854 132 2863 *
213 2775 374 2858 cedatur,
413 2796 522 2844 tamen
547 2795 682 2870 practer
704 2781 940 2846 necessitatem
965 2778 1113 2845 Orellins
1140 2777 1184 2845 de
1209 2801 1305 2845 more

212 2892 388 2959 Ciceronis
415 2893 616 2984 cogitaverit,
644 2916 711 2984 qno
739 2892 910 2959 doctrinae
939 2893 1154 2960 ostentandae
1189 2916 1304 2959 caussa

210 3028 286 3073 cnm
312 3005 391 3070 alibi
414 3009 508 3097 quasi
534 3007 744 3096 praeteriens
779 3009 939 3100 castigare
969 3007 1052 3075 alios
1077 3007 1201 3088 soleat,
1233 3026 1304 3074 tum

211 3119 243 3187 h.
270 3118 291 3183 l.
317 3119 468 3185 Attianos
495 3118 642 3186 calculos
670 3118 882 3227 definiendae
903 3123 987 3190 Livii
1012 3123 1112 3189 aetati
1136 3121 1305 3188 adhibitos

210 3255 277 3298 non
316 3234 388 3297 sine
423 3233 611 3298 urbanitate
644 3219 858 3327 perstringat.
909 3236 954 3302 At
979 3260 1057 3304 vero
1083 3236 1304 3303 certissimum

210 3365 261 3413 est
284 3348 379 3412 istum
408 3346 544 3438 quidem
570 3351 630 3438 qui
653 3350 862 3439 pronominis
895 3350 1182 3418 constructionem
1202 3372 1304 3440 pror·

210 3484 264 3526 sus
290 3485 479 3552 repugnare
505 3462 592 3529 sanis
619 3460 757 3528 dicendi
780 3461 910 3555 legibus
942 3489 1007 3530 nec
1038 3461 1137 3528 ullius
1163 3459 1305 3550 defendi

211 3574 357 3664 exempli
384 3599 463 3640 vera
485 3574 714 3640 similitudine.
741 3578 833 3658 Quae
860 3579 950 3643 enim
976 3576 1073 3643 allata
1098 3593 1175 3642 aunt
1192 3600 1306 3642 exem-

211 3686 268 3779 pla
295 3686 529 3778 (suppeditant
564 3713 601 3753 ca
624 3690 753 3756 Moseri
781 3688 931 3782 copiae),
975 3689 1200 3757 diversissima
1229 3706 1305 3756 sunt

212 3819 407 3892 propterea,
434 3799 529 3893 qnod
552 3825 590 3866 ea
616 3802 826 3894 intelligendi
850 3804 1062 3895 ambiguitate
1085 3828 1223 3894 prorsus
1249 3828 1306 3869 ra-

212 3935 310 3995 cant,
345 3940 433 4008 quae
466 3940 506 3980 ex
528 3916 670 3980 Enniani
706 3919 849 3982 nominis
882 3919 1051 3984 vicinitate
1077 3917 1110 3983 h.
1135 3916 1158 3983 l.
1184 3917 1306 3985 oritur:

212 4049 313 4122 atque
345 4030 379 4094 id
407 4031 517 4121 ipsum
542 4031 628 4097 illud
656 4051 723 4110 est,
758 4030 851 4122 quod
882 4030 1059 4098 offensioni
1094 4031 1165 4102 suit.
1215 4031 1305 4122 Ergo

214 4146 394 4211 extiterunt
426 4146 485 4236 qui
522 4147 691 4237 corrigere
735 4143 889 4213 codicum
923 4147 1125 4237 scripturam
1160 4145 1306 4210 animum

212 4257 422 4351 inducerent
481 4261 525 4326 Et
561 4257 812 4350 transponendo
845 4258 983 4351 quidem
1015 4260 1188 4356 Ciceronis
1228 4258 1302 4325 diii-

212 4374 343 4463 gentiae
371 4373 546 4438 consulere
571 4375 708 4440 Rathins
735 4372 851 4440 voluit:
890 4399 955 4440 uec
980 4375 1095 4466 negari
1123 4393 1245 4465 potest,
1280 4377 1308 4440 si
1379 4437 1388 4444 ..

214 4486 321 4550 statim
348 4505 425 4576 post
450 4488 566 4552 Livius
590 4510 713 4553 nomen
739 4506 932 4578 sequantur,
956 4514 1042 4581 quae
1068 4513 1159 4554 nune
1183 4491 1218 4553 in
1242 4488 1307 4552 iinc

214 4601 448 4666 enuntiationis
475 4599 742 4679 collocaturum,
768 4606 827 4689 qni
840 4605 920 4688 suit
935 4649 1059 4674 .......
1087 4621 1122 4669 ct
1145 4604 1306 4679 Naevius,

210 4713 295 4780 nihil
335 4713 378 4779 ad
412 4729 603 4806 temporum
634 4716 808 4781 veritatem
841 4714 1042 4782 desiderari.
1094 4715 1165 4785 Sed
1199 4733 1308 4782 tamen
