2820 5332
222 746 293 818 354
457 772 485 814 v.
512 770 553 812 ne
580 767 684 812 soree
711 768 877 812 rriuvuru
904 756 1069 813 rencone.

222 941 425 1013 Curculione
451 942 586 1028 (omissa
612 941 654 1006 ab
680 936 901 1033 Visseringo),
928 937 1047 1016 Milite,
1063 935 1226 1018 Poennle,
1241 936 1309 1005 Ru:

221 1059 333 1140 dente,
360 1056 569 1124 Truculento
595 1059 694 1124 etium
716 1057 933 1122 Trinummus
955 1051 1135 1121 tribuenda
1156 1055 1219 1134 sit,
1250 1078 1310 1121 cn·
1382 1042 1386 1050 ¹

219 1177 269 1242 ins
295 1173 376 1240 illuc
401 1171 437 1237 bi
462 1195 574 1240 versus
601 1189 769 1264 spectent:
793 1172 818 1250 l,
842 1168 875 1251 2,
905 1170 991 1238 115:

316 1291 468 1356 Nemost.
485 1322 532 1336 —
554 1289 777 1355 Nummorum
802 1286 1014 1380 Philippeum
1038 1285 1087 1351 ud
1108 1289 1178 1353 tria
1200 1285 1309 1363 milio,

211 1424 246 1474 et
267 1432 286 1472 u
310 1404 505 1497 Visscringo
531 1404 760 1496 praetermissi
788 1404 846 1486 lv,
874 1406 909 1485 2,
938 1404 1017 1471 113.
1048 1406 1128 1473 117.
1157 1404 1235 1475 123.
1260 1405 1306 1485 V,

220 1523 256 1602 9,
278 1516 343 1589 34:

315 1630 375 1703 An
396 1635 453 1700 ille
479 1652 550 1702 tom
574 1650 665 1701 esset
687 1635 824 1711 stultus,
849 1637 909 1728 qui
932 1632 1015 1700 mihi
1029 1633 1121 1700 mille
1138 1657 1308 1702 nummum

810 1748 971 1816 crederet

318 1862 520 1957 Philippum.
548 1900 594 1915 -·

317 1981 358 2050 Si
390 1979 481 2045 hunc
518 2004 656 2073 possum
689 1980 747 2046 illo
782 1980 872 2047 mille
913 2006 1084 2047 nummum
1115 1981 1308 2076 Philippum

815 2097 1077 2165 circumducere.
1099 2128 1149 2144 ···

319 2210 434 2306 Atque
451 2217 554 2278 etiam
566 2208 771 2305 Philippum,
794 2229 1009 2279 numeratum
1029 2214 1118 2281 illius
1137 2218 1175 2282 iu
1190 2239 1310 2281 mensa

814 2352 928 2408 mun,

318 2444 417 2512 Mille
440 2466 618 2510 nummum.
645 2480 691 2494 -

322 2559 498 2653 Spondeo,
522 2577 557 2625 et
580 2560 670 2626 mille
695 2563 774 2625 artri
797 2559 990 2651 Philippum
1012 2558 1114 2626 dotis.

222 2679 373 2759 Quorum
400 2701 553 2742 versuum
581 2678 680 2743 tertio
707 2673 800 2768 qnod
823 2675 972 2768 vulgetur
996 2671 1165 2770 Philippo,
1190 2698 1311 2742 vereor

224 2806 261 2860 ut
286 2791 422 2859 delendi
444 2795 616 2885 possit—
636 2794 686 2858 Ex
708 2811 837 2886 septem
862 2810 973 2858 nutem
999 2792 1065 2860 illis
1086 2797 1219 2884 praeter
1233 2795 1312 2858 Tri-

225 2935 395 2977 nummum
422 2909 541 2976 sobolis
567 2911 716 3005 quinque
743 2928 828 2989 sunt,
851 2935 943 3004 qnos,
967 2911 1079 3005 quiin
1101 2910 1165 2977 hoc
1185 2932 1312 3004 genere

227 3022 420 3090 deliniendo
447 3041 558 3090 nostre
583 3026 745 3091 memoria
772 3023 996 3106 elaborarunt,
1024 3027 1102 3093 item
1132 3024 1174 3090 ad
1212 3050 1313 3092 sene-

227 3156 350 3206 ctutem
382 3137 489 3204 Plauti
521 3163 657 3232 prorsus
684 3139 757 3206 aliis
797 3139 841 3206 de
869 3142 991 3207 caussis
1016 3161 1124 3234 prope
1149 3143 1317 3209 communi

230 3280 395 3324 consensu
421 3254 639 3322 rettulerunt:
679 3254 764 3322 duee
791 3275 933 3335 tentum,
957 3283 1039 3350 quas
1065 3258 1171 3349 priori
1195 3275 1314 3349 poetae

229 3373 329 3439 eeteti
353 3373 551 3464 tribuerunt,
587 3371 730 3439 Militem
757 3391 789 3440 ct
814 3370 1010 3439 Rudentem.
1053 3373 1179 3439 Harum
1205 3375 1316 3469 igitur,

230 3505 267 3565 ut
291 3485 493 3578 reliquarum
521 3489 691 3570 omnium,
727 3506 879 3580 tempore
915 3510 989 3553 cum
1015 3488 1162 3581 primum
1188 3490 1319 3554 statuis·-

139 3656 149 3671 .
231 3627 342 3668 semus
368 3600 432 3669 hoc
457 3602 531 3693 ipso
556 3601 632 3668 loco
659 3600 865 3695 disceptare,
901 3627 991 3671 nnnc
1013 3605 1112 3670 setius
1138 3605 1242 3669 visum
1270 3620 1321 3670 est

200 3765 203 3781 .
234 3740 367 3785 omnem
397 3715 487 3784 hu'nc
517 3715 630 3782 locum
655 3743 693 3784 ea
725 3715 958 3785 dissertatione
982 3735 1215 3810 pertractare,
1254 3744 1320 3810 quo

234 3850 353 3927 poetae
382 3844 512 3899 ortem
550 3858 625 3901 cnm
656 3835 843 3900 universnm
879 3852 947 3901 tum
974 3832 1112 3928 singulis
1140 3835 1173 3898 in
1200 3833 1320 3899 subulis

236 3949 460 4041 conspicuam,
486 3951 615 4044 quippe
642 3974 717 4017 cum
742 3952 826 4018 vitoe
844 3950 1098 4044 fabularumque
1114 3950 1321 4042 temporibus

237 4063 549 4148 coniunctissimam,
575 4063 688 4133 dedite
713 4088 818 4160 opera
844 4064 1096 4160 explicabimus.
