<?xml version="1.0" encoding="UTF-8"?>
<!DOCTYPE html PUBLIC "-//W3C//DTD XHTML 1.0 Transitional//EN"
    "http://www.w3.org/TR/xhtml1/DTD/xhtml1-transitional.dtd">
<html xmlns="http://www.w3.org/1999/xhtml" xml:lang="en" lang="en">
 <head>
  <title>
</title>
<meta http-equiv="Content-Type" content="text/html;charset=utf-8" />
  <meta name='ocr-system' content='tesseract 3.04.00' />
  <meta name='ocr-capabilities' content='ocr_page ocr_carea ocr_par ocr_line ocrx_word'/>
</head>
<body>
  <div class='ocr_page' id='page_1' title='image "./parergonplautin01ritsgoog_0044.png"; bbox 0 0 2820 5332; ppageno 0'>
   <div class='ocr_carea' id='block_1_1' title="bbox 414 669 1267 748">
    <p class='ocr_par' dir='ltr' id='par_1_1' title="bbox 414 669 1267 748">
     <span class='ocr_line' id='line_1_1' title="bbox 414 669 1267 748; baseline 0.007 -6"><span class='ocrx_word' id='word_1_1' title='bbox 414 702 436 747; x_wconf 82' lang='lat' dir='ltr'>r.</span> <span class='ocrx_word' id='word_1_2' title='bbox 467 703 509 746; x_wconf 86' lang='lat' dir='ltr'>ne</span> <span class='ocrx_word' id='word_1_3' title='bbox 536 669 813 747; x_wconf 68' lang='lat' dir='ltr'>ratrrr&#39;roarar</span> <span class='ocrx_word' id='word_1_4' title='bbox 843 703 1029 747; x_wconf 77' lang='lat' dir='ltr'>nonantevs.</span> <span class='ocrx_word' id='word_1_5' title='bbox 1072 671 1077 680; x_wconf 64' lang='grc'>’</span> <span class='ocrx_word' id='word_1_6' title='bbox 1246 683 1267 748; x_wconf 83' lang='grc'>5</span> 
     </span>
    </p>
   </div>
   <div class='ocr_carea' id='block_1_2' title="bbox 115 868 1314 2460">
    <p class='ocr_par' dir='ltr' id='par_1_2' title="bbox 168 868 1269 1654">
     <span class='ocr_line' id='line_1_2' title="bbox 169 868 1269 964; baseline 0.004 -27"><span class='ocrx_word' id='word_1_7' title='bbox 169 868 370 955; x_wconf 81' lang='lat' dir='ltr'>recesseris)</span> <span class='ocrx_word' id='word_1_8' title='bbox 398 868 442 936; x_wconf 88' lang='lat' dir='ltr'>de</span> <span class='ocrx_word' id='word_1_9' title='bbox 465 869 600 937; x_wconf 91' lang='lat' dir='ltr'>illorum</span> <span class='ocrx_word' id='word_1_10' title='bbox 628 895 752 963; x_wconf 83' lang='lat' dir='ltr'>genere</span> <span class='ocrx_word' id='word_1_11' title='bbox 780 891 848 949; x_wconf 88' lang='lat' dir='ltr'>est,-</span> <span class='ocrx_word' id='word_1_12' title='bbox 886 875 943 964; x_wconf 89' lang='lat' dir='ltr'>qui</span> <span class='ocrx_word' id='word_1_13' title='bbox 970 892 1025 939; x_wconf 89' lang='lat' dir='ltr'>aut</span> <span class='ocrx_word' id='word_1_14' title='bbox 1051 874 1116 938; x_wconf 85' lang='lat' dir='ltr'>XX</span> <span class='ocrx_word' id='word_1_15' title='bbox 1143 874 1269 941; x_wconf 75' lang='lat' dir='ltr'>fabulas</span> 
     </span>
     <span class='ocr_line' id='line_1_3' title="bbox 172 985 1267 1079; baseline 0.005 -27"><span class='ocrx_word' id='word_1_16' title='bbox 172 985 340 1052; x_wconf 84' lang='lat' dir='ltr'>Plautinas</span> <span class='ocrx_word' id='word_1_17' title='bbox 360 1004 495 1052; x_wconf 86' lang='lat' dir='ltr'>cunctas</span> <span class='ocrx_word' id='word_1_18' title='bbox 509 1003 565 1050; x_wconf 78' lang='lat' dir='ltr'>arn</span> <span class='ocrx_word' id='word_1_19' title='bbox 582 987 646 1050; x_wconf 89' lang='lat' dir='ltr'>XII</span> <span class='ocrx_word' id='word_1_20' title='bbox 662 1005 751 1053; x_wconf 86' lang='lat' dir='ltr'>certe</span> <span class='ocrx_word' id='word_1_21' title='bbox 773 990 978 1079; x_wconf 78' lang='lat' dir='ltr'>posteriores</span> <span class='ocrx_word' id='word_1_22' title='bbox 994 1006 1119 1054; x_wconf 89' lang='lat' dir='ltr'>tenent.</span> <span class='ocrx_word' id='word_1_23' title='bbox 1156 993 1267 1074; x_wconf 80' lang='lat' dir='ltr'><strong>Quare</strong></span> 
     </span>
     <span class='ocr_line' id='line_1_4' title="bbox 170 1097 1267 1182; baseline 0.005 -16"><span class='ocrx_word' id='word_1_24' title='bbox 170 1102 358 1167; x_wconf 74' lang='lat' dir='ltr'><strong>accuratius</strong></span> <span class='ocrx_word' id='word_1_25' title='bbox 384 1102 432 1166; x_wconf 90' lang='lat' dir='ltr'>sic</span> <span class='ocrx_word' id='word_1_26' title='bbox 458 1119 508 1166; x_wconf 90' lang='lat' dir='ltr'>est</span> <span class='ocrx_word' id='word_1_27' title='bbox 532 1101 588 1167; x_wconf 90' lang='lat' dir='ltr'>hic</span> <span class='ocrx_word' id='word_1_28' title='bbox 614 1100 708 1168; x_wconf 94' lang='lat' dir='ltr'>locus</span> <span class='ocrx_word' id='word_1_29' title='bbox 733 1097 840 1170; x_wconf 89' lang='lat' dir='ltr'>omnis</span> <span class='ocrx_word' id='word_1_30' title='bbox 869 1101 1089 1182; x_wconf 80' lang='lat' dir='ltr'>definiendus,</span> <span class='ocrx_word' id='word_1_31' title='bbox 1127 1124 1164 1170; x_wconf 90' lang='lat' dir='ltr'>ut</span> <span class='ocrx_word' id='word_1_32' title='bbox 1187 1102 1267 1171; x_wconf 79' lang='lat' dir='ltr'>Asi-</span> 
     </span>
     <span class='ocr_line' id='line_1_5' title="bbox 170 1215 1267 1310; baseline 0.003 -28"><span class='ocrx_word' id='word_1_33' title='bbox 170 1220 249 1282; x_wconf 84' lang='lat' dir='ltr'>nius</span> <span class='ocrx_word' id='word_1_34' title='bbox 284 1241 408 1283; x_wconf 87' lang='lat' dir='ltr'>nomen</span> <span class='ocrx_word' id='word_1_35' title='bbox 443 1219 588 1308; x_wconf 90' lang='lat' dir='ltr'>reperiri</span> <span class='ocrx_word' id='word_1_36' title='bbox 625 1215 755 1283; x_wconf 83' lang='lat' dir='ltr'>dicatur</span> <span class='ocrx_word' id='word_1_37' title='bbox 788 1221 822 1283; x_wconf 91' lang='lat' dir='ltr'>in</span> <span class='ocrx_word' id='word_1_38' title='bbox 854 1236 948 1310; x_wconf 88' lang='lat' dir='ltr'>parte</span> <span class='ocrx_word' id='word_1_39' title='bbox 980 1221 1170 1286; x_wconf 83' lang='lat' dir='ltr'>recentiore</span> <span class='ocrx_word' id='word_1_40' title='bbox 1197 1222 1267 1285; x_wconf 87' lang='lat' dir='ltr'>eius</span> 
     </span>
     <span class='ocr_line' id='line_1_6' title="bbox 169 1328 1267 1425; baseline 0.002 -29"><span class='ocrx_word' id='word_1_41' title='bbox 169 1332 275 1423; x_wconf 89' lang='lat' dir='ltr'>partis</span> <span class='ocrx_word' id='word_1_42' title='bbox 303 1330 467 1397; x_wconf 88' lang='lat' dir='ltr'>librorum</span> <span class='ocrx_word' id='word_1_43' title='bbox 492 1328 729 1412; x_wconf 61' lang='lat' dir='ltr'>Plautianum,</span> <span class='ocrx_word' id='word_1_44' title='bbox 759 1358 845 1425; x_wconf 80' lang='lat' dir='ltr'>qriae</span> <span class='ocrx_word' id='word_1_45' title='bbox 872 1333 915 1399; x_wconf 87' lang='lat' dir='ltr'>ad</span> <span class='ocrx_word' id='word_1_46' title='bbox 942 1335 1023 1400; x_wconf 85' lang='lat' dir='ltr'>Vlll</span> <span class='ocrx_word' id='word_1_47' title='bbox 1068 1351 1192 1400; x_wconf 85' lang='lat' dir='ltr'>tantum</span> <span class='ocrx_word' id='word_1_48' title='bbox 1220 1334 1267 1399; x_wconf 81' lang='lat' dir='ltr'>ia-</span> 
     </span>
     <span class='ocr_line' id='line_1_7' title="bbox 168 1444 1265 1540; baseline 0.004 -30"><span class='ocrx_word' id='word_1_49' title='bbox 168 1444 264 1511; x_wconf 88' lang='lat' dir='ltr'>bulas</span> <span class='ocrx_word' id='word_1_50' title='bbox 291 1447 424 1538; x_wconf 88' lang='lat' dir='ltr'>priores</span> <span class='ocrx_word' id='word_1_51' title='bbox 450 1463 591 1539; x_wconf 86' lang='lat' dir='ltr'>spectat.</span> <span class='ocrx_word' id='word_1_52' title='bbox 638 1449 740 1539; x_wconf 83' lang='lat' dir='ltr'><strong>Atqui</strong></span> <span class='ocrx_word' id='word_1_53' title='bbox 767 1473 822 1514; x_wconf 90' lang='lat' dir='ltr'>eos</span> <span class='ocrx_word' id='word_1_54' title='bbox 848 1450 939 1540; x_wconf 88' lang='lat' dir='ltr'>ipsos</span> <span class='ocrx_word' id='word_1_55' title='bbox 966 1449 1070 1516; x_wconf 90' lang='lat' dir='ltr'>libros</span> <span class='ocrx_word' id='word_1_56' title='bbox 1093 1451 1169 1515; x_wconf 88' lang='lat' dir='ltr'>satis</span> <span class='ocrx_word' id='word_1_57' title='bbox 1185 1473 1265 1514; x_wconf 89' lang='lat' dir='ltr'>con-</span> 
     </span>
     <span class='ocr_line' id='line_1_8' title="bbox 170 1560 1088 1654; baseline 0.008 -28"><span class='ocrx_word' id='word_1_58' title='bbox 170 1577 235 1627; x_wconf 89' lang='lat' dir='ltr'>stat</span> <span class='ocrx_word' id='word_1_59' title='bbox 260 1588 279 1627; x_wconf 84' lang='lat' dir='ltr'>a</span> <span class='ocrx_word' id='word_1_60' title='bbox 305 1560 372 1626; x_wconf 84' lang='lat' dir='ltr'>fide</span> <span class='ocrx_word' id='word_1_61' title='bbox 396 1587 453 1626; x_wconf 85' lang='lat' dir='ltr'>sua</span> <span class='ocrx_word' id='word_1_62' title='bbox 476 1562 602 1654; x_wconf 86' lang='lat' dir='ltr'>parum</span> <span class='ocrx_word' id='word_1_63' title='bbox 622 1562 923 1630; x_wconf 79' lang='lat' dir='ltr'>commendationis</span> <span class='ocrx_word' id='word_1_64' title='bbox 948 1566 1088 1634; x_wconf 88' lang='lat' dir='ltr'>habere.</span> 
     </span>
    </p>

    <p class='ocr_par' dir='ltr' id='par_1_3' title="bbox 167 1675 1314 2344">
     <span class='ocr_line' id='line_1_9' title="bbox 268 1675 1265 1771; baseline 0.002 -31"><span class='ocrx_word' id='word_1_65' title='bbox 268 1676 382 1745; x_wconf 88' lang='lat' dir='ltr'>Restat</span> <span class='ocrx_word' id='word_1_66' title='bbox 403 1677 503 1768; x_wconf 83' lang='lat' dir='ltr'>igitur</span> <span class='ocrx_word' id='word_1_67' title='bbox 529 1694 573 1756; x_wconf 84' lang='lat' dir='ltr'>ut,</span> <span class='ocrx_word' id='word_1_68' title='bbox 600 1678 627 1742; x_wconf 92' lang='lat' dir='ltr'>si</span> <span class='ocrx_word' id='word_1_69' title='bbox 653 1677 754 1744; x_wconf 92' lang='lat' dir='ltr'>modo</span> <span class='ocrx_word' id='word_1_70' title='bbox 781 1680 895 1768; x_wconf 77' lang='lat' dir='ltr'>possit,</span> <span class='ocrx_word' id='word_1_71' title='bbox 922 1678 995 1744; x_wconf 88' lang='lat' dir='ltr'>fons</span> <span class='ocrx_word' id='word_1_72' title='bbox 1022 1678 1200 1771; x_wconf 86' lang='lat' dir='ltr'>indagetur</span> <span class='ocrx_word' id='word_1_73' title='bbox 1225 1675 1265 1742; x_wconf 93' lang='lat' dir='ltr'>il-</span> 
     </span>
     <span class='ocr_line' id='line_1_10' title="bbox 169 1788 1264 1884; baseline 0.003 -30"><span class='ocrx_word' id='word_1_74' title='bbox 169 1788 233 1856; x_wconf 85' lang='lat' dir='ltr'>lius</span> <span class='ocrx_word' id='word_1_75' title='bbox 257 1789 487 1870; x_wconf 79' lang='lat' dir='ltr'>liberalitatis,</span> <span class='ocrx_word' id='word_1_76' title='bbox 522 1818 607 1883; x_wconf 88' lang='lat' dir='ltr'>quae</span> <span class='ocrx_word' id='word_1_77' title='bbox 643 1810 707 1857; x_wconf 88' lang='lat' dir='ltr'>tam</span> <span class='ocrx_word' id='word_1_78' title='bbox 739 1791 851 1884; x_wconf 84' lang='lat' dir='ltr'>lepida</span> <span class='ocrx_word' id='word_1_79' title='bbox 878 1794 1070 1859; x_wconf 88' lang='lat' dir='ltr'>accessione</span> <span class='ocrx_word' id='word_1_80' title='bbox 1096 1794 1264 1860; x_wconf 88' lang='lat' dir='ltr'>honestis-</span> 
     </span>
     <span class='ocr_line' id='line_1_11' title="bbox 171 1899 1264 1998; baseline 0.003 -28"><span class='ocrx_word' id='word_1_81' title='bbox 171 1899 244 1970; x_wconf 83' lang='lat' dir='ltr'>simi</span> <span class='ocrx_word' id='word_1_82' title='bbox 272 1923 396 1998; x_wconf 88' lang='lat' dir='ltr'>poetae</span> <span class='ocrx_word' id='word_1_83' title='bbox 420 1931 544 1973; x_wconf 88' lang='lat' dir='ltr'>nomen</span> <span class='ocrx_word' id='word_1_84' title='bbox 571 1905 696 1974; x_wconf 86' lang='lat' dir='ltr'>ditavit.</span> <span class='ocrx_word' id='word_1_85' title='bbox 721 1909 771 1973; x_wconf 84' lang='lat' dir='ltr'>Ao</span> <span class='ocrx_word' id='word_1_86' title='bbox 786 1907 828 1972; x_wconf 90' lang='lat' dir='ltr'>de</span> <span class='ocrx_word' id='word_1_87' title='bbox 846 1904 972 1973; x_wconf 85' lang='lat' dir='ltr'>Accius</span> <span class='ocrx_word' id='word_1_88' title='bbox 989 1907 1038 1973; x_wconf 88' lang='lat' dir='ltr'>vel</span> <span class='ocrx_word' id='word_1_89' title='bbox 1060 1904 1177 1974; x_wconf 82' lang='lat' dir='ltr'>Attius</span> <span class='ocrx_word' id='word_1_90' title='bbox 1202 1932 1264 1973; x_wconf 88' lang='lat' dir='ltr'>no-</span> 
     </span>
     <span class='ocr_line' id='line_1_12' title="bbox 169 2020 1264 2114; baseline 0.002 -29"><span class='ocrx_word' id='word_1_91' title='bbox 169 2022 265 2086; x_wconf 90' lang='lat' dir='ltr'>minis</span> <span class='ocrx_word' id='word_1_92' title='bbox 292 2020 508 2087; x_wconf 88' lang='lat' dir='ltr'>similitudine</span> <span class='ocrx_word' id='word_1_93' title='bbox 535 2048 594 2088; x_wconf 90' lang='lat' dir='ltr'>cur</span> <span class='ocrx_word' id='word_1_94' title='bbox 616 2046 685 2089; x_wconf 90' lang='lat' dir='ltr'>nou</span> <span class='ocrx_word' id='word_1_95' title='bbox 709 2024 815 2114; x_wconf 86' lang='lat' dir='ltr'>possit</span> <span class='ocrx_word' id='word_1_96' title='bbox 841 2021 1018 2089; x_wconf 87' lang='lat' dir='ltr'>commode</span> <span class='ocrx_word' id='word_1_97' title='bbox 1036 2023 1183 2114; x_wconf 85' lang='lat' dir='ltr'>cogitari,</span> <span class='ocrx_word' id='word_1_98' title='bbox 1205 2047 1264 2087; x_wconf 88' lang='lat' dir='ltr'>au-</span> 
     </span>
     <span class='ocr_line' id='line_1_13' title="bbox 168 2136 1314 2230; baseline 0.001 -30"><span class='ocrx_word' id='word_1_99' title='bbox 168 2154 221 2201; x_wconf 90' lang='lat' dir='ltr'>tea</span> <span class='ocrx_word' id='word_1_100' title='bbox 247 2136 466 2228; x_wconf 85' lang='lat' dir='ltr'>significatum</span> <span class='ocrx_word' id='word_1_101' title='bbox 497 2156 563 2203; x_wconf 90' lang='lat' dir='ltr'>cst:</span> <span class='ocrx_word' id='word_1_102' title='bbox 595 2163 657 2204; x_wconf 91' lang='lat' dir='ltr'>nec</span> <span class='ocrx_word' id='word_1_103' title='bbox 695 2156 745 2204; x_wconf 90' lang='lat' dir='ltr'>est</span> <span class='ocrx_word' id='word_1_104' title='bbox 771 2163 847 2202; x_wconf 90' lang='lat' dir='ltr'>saue</span> <span class='ocrx_word' id='word_1_105' title='bbox 874 2140 933 2203; x_wconf 89' lang='lat' dir='ltr'>ista</span> <span class='ocrx_word' id='word_1_106' title='bbox 961 2136 1143 2230; x_wconf 83' lang='lat' dir='ltr'>litterarum</span> <span class='ocrx_word' id='word_1_107' title='bbox 1172 2137 1262 2201; x_wconf 86' lang='lat' dir='ltr'>simi·</span> <span class='ocrx_word' id='word_1_108' title='bbox 1310 2169 1314 2180; x_wconf 67' lang='lat'><strong><em>¹</em></strong></span> 
     </span>
     <span class='ocr_line' id='line_1_14' title="bbox 167 2247 1262 2344; baseline 0.003 -32"><span class='ocrx_word' id='word_1_109' title='bbox 167 2247 276 2316; x_wconf 89' lang='lat' dir='ltr'>litudo</span> <span class='ocrx_word' id='word_1_110' title='bbox 303 2268 409 2330; x_wconf 70' lang='lat' dir='ltr'>muta,</span> <span class='ocrx_word' id='word_1_111' title='bbox 451 2253 504 2318; x_wconf 91' lang='lat' dir='ltr'>cui</span> <span class='ocrx_word' id='word_1_112' title='bbox 536 2277 611 2317; x_wconf 92' lang='lat' dir='ltr'>cum</span> <span class='ocrx_word' id='word_1_113' title='bbox 633 2252 743 2344; x_wconf 86' lang='lat' dir='ltr'>aliqua</span> <span class='ocrx_word' id='word_1_114' title='bbox 771 2252 970 2318; x_wconf 82' lang='lat' dir='ltr'>confidentia</span> <span class='ocrx_word' id='word_1_115' title='bbox 999 2253 1178 2344; x_wconf 86' lang='lat' dir='ltr'>quiequam</span> <span class='ocrx_word' id='word_1_116' title='bbox 1204 2253 1262 2318; x_wconf 87' lang='lat' dir='ltr'>tri-</span> 
     </span>
    </p>

    <p class='ocr_par' dir='ltr' id='par_1_4' title="bbox 115 2365 1261 2460">
     <span class='ocr_line' id='line_1_15' title="bbox 115 2365 1261 2460; baseline 0.001 -28"><span class='ocrx_word' id='word_1_117' title='bbox 115 2437 116 2444; x_wconf 15' lang='lat'><em>*</em></span> <span class='ocrx_word' id='word_1_118' title='bbox 165 2365 257 2432; x_wconf 85' lang='lat' dir='ltr'>buas.</span> <span class='ocrx_word' id='word_1_119' title='bbox 308 2367 436 2432; x_wconf 79' lang='lat' dir='ltr'>Verum</span> <span class='ocrx_word' id='word_1_120' title='bbox 460 2366 551 2432; x_wconf 87' lang='lat' dir='ltr'>aliud</span> <span class='ocrx_word' id='word_1_121' title='bbox 576 2385 710 2459; x_wconf 89' lang='lat' dir='ltr'>praesto</span> <span class='ocrx_word' id='word_1_122' title='bbox 736 2385 786 2433; x_wconf 91' lang='lat' dir='ltr'>est</span> <span class='ocrx_word' id='word_1_123' title='bbox 810 2392 952 2448; x_wconf 87' lang='lat' dir='ltr'>nomen,</span> <span class='ocrx_word' id='word_1_124' title='bbox 986 2367 1191 2460; x_wconf 85' lang='lat' dir='ltr'>gentilicium</span> <span class='ocrx_word' id='word_1_125' title='bbox 1219 2365 1261 2433; x_wconf 90' lang='lat' dir='ltr'>il-</span> 
     </span>
    </p>
   </div>
   <div class='ocr_carea' id='block_1_3' title="bbox 157 2484 1342 4074">
    <p class='ocr_par' dir='ltr' id='par_1_5' title="bbox 157 2484 1342 4074">
     <span class='ocr_line' id='line_1_16' title="bbox 166 2484 1262 2582; baseline 0.003 -31"><span class='ocrx_word' id='word_1_126' title='bbox 166 2484 226 2552; x_wconf 92' lang='lat' dir='ltr'>lud</span> <span class='ocrx_word' id='word_1_127' title='bbox 245 2487 384 2580; x_wconf 89' lang='lat' dir='ltr'>quidem</span> <span class='ocrx_word' id='word_1_128' title='bbox 407 2489 441 2553; x_wconf 89' lang='lat' dir='ltr'>h.</span> <span class='ocrx_word' id='word_1_129' title='bbox 468 2515 495 2558; x_wconf 84' lang='lat' dir='ltr'>e.</span> <span class='ocrx_word' id='word_1_130' title='bbox 523 2485 683 2569; x_wconf 55' lang='lat' dir='ltr'>testudo,</span> <span class='ocrx_word' id='word_1_131' title='bbox 711 2489 803 2582; x_wconf 89' lang='lat' dir='ltr'>quod</span> <span class='ocrx_word' id='word_1_132' title='bbox 838 2491 1006 2582; x_wconf 79' lang='lat' dir='ltr'>frequenti</span> <span class='ocrx_word' id='word_1_133' title='bbox 1031 2514 1092 2555; x_wconf 89' lang='lat' dir='ltr'>usu</span> <span class='ocrx_word' id='word_1_134' title='bbox 1118 2490 1262 2555; x_wconf 85' lang='lat' dir='ltr'>Plautus</span> 
     </span>
     <span class='ocr_line' id='line_1_17' title="bbox 166 2602 1261 2696; baseline 0.001 -30"><span class='ocrx_word' id='word_1_135' title='bbox 166 2604 293 2669; x_wconf 90' lang='lat' dir='ltr'>nomini</span> <span class='ocrx_word' id='word_1_136' title='bbox 318 2602 479 2672; x_wconf 83' lang='lat' dir='ltr'>adhaesit.</span> <span class='ocrx_word' id='word_1_137' title='bbox 531 2607 683 2696; x_wconf 81' lang='lat' dir='ltr'>Namque</span> <span class='ocrx_word' id='word_1_138' title='bbox 710 2605 912 2672; x_wconf 86' lang='lat' dir='ltr'>Sarsinas</span> <span class='ocrx_word' id='word_1_139' title='bbox 939 2604 997 2670; x_wconf 89' lang='lat' dir='ltr'>ille</span> <span class='ocrx_word' id='word_1_140' title='bbox 1024 2605 1084 2669; x_wconf 84' lang='lat' dir='ltr'>suit</span> <span class='ocrx_word' id='word_1_141' title='bbox 1111 2630 1152 2670; x_wconf 85' lang='lat' dir='ltr'>cx</span> <span class='ocrx_word' id='word_1_142' title='bbox 1177 2605 1261 2669; x_wconf 90' lang='lat' dir='ltr'>Vm-</span> 
     </span>
     <span class='ocr_line' id='line_1_18' title="bbox 165 2717 1261 2810; baseline -0.001 -28"><span class='ocrx_word' id='word_1_143' title='bbox 165 2718 253 2783; x_wconf 86' lang='lat' dir='ltr'>bria:</span> <span class='ocrx_word' id='word_1_144' title='bbox 281 2717 372 2785; x_wconf 89' lang='lat' dir='ltr'>uude</span> <span class='ocrx_word' id='word_1_145' title='bbox 398 2721 590 2810; x_wconf 86' lang='lat' dir='ltr'>saepissime</span> <span class='ocrx_word' id='word_1_146' title='bbox 609 2717 731 2787; x_wconf 88' lang='lat' dir='ltr'>Plauti</span> <span class='ocrx_word' id='word_1_147' title='bbox 753 2719 946 2787; x_wconf 79' lang='lat' dir='ltr'>Sarsinatis</span> <span class='ocrx_word' id='word_1_148' title='bbox 972 2721 1040 2785; x_wconf 91' lang='lat' dir='ltr'>eius</span> <span class='ocrx_word' id='word_1_149' title='bbox 1056 2719 1189 2784; x_wconf 79' lang='lat' dir='ltr'>fabulae</span> <span class='ocrx_word' id='word_1_150' title='bbox 1210 2721 1261 2782; x_wconf 87' lang='lat' dir='ltr'>iu-</span> 
     </span>
     <span class='ocr_line' id='line_1_19' title="bbox 165 2832 1260 2926; baseline -0.002 -28"><span class='ocrx_word' id='word_1_151' title='bbox 165 2834 375 2912; x_wconf 85' lang='lat' dir='ltr'>scribuntur,</span> <span class='ocrx_word' id='word_1_152' title='bbox 410 2859 649 2926; x_wconf 85' lang='lat' dir='ltr'>nonnunquam</span> <span class='ocrx_word' id='word_1_153' title='bbox 679 2833 799 2902; x_wconf 82' lang='lat' dir='ltr'>Plauti</span> <span class='ocrx_word' id='word_1_154' title='bbox 820 2836 1040 2903; x_wconf 83' lang='lat' dir='ltr'>Sarsinatae,</span> <span class='ocrx_word' id='word_1_155' title='bbox 1071 2851 1105 2897; x_wconf 90' lang='lat' dir='ltr'>ut</span> <span class='ocrx_word' id='word_1_156' title='bbox 1128 2833 1162 2896; x_wconf 87' lang='lat' dir='ltr'>in</span> <span class='ocrx_word' id='word_1_157' title='bbox 1189 2832 1260 2896; x_wconf 77' lang='lat' dir='ltr'>An-</span> 
     </span>
     <span class='ocr_line' id='line_1_20' title="bbox 165 2947 1260 3041; baseline -0.004 -27"><span class='ocrx_word' id='word_1_158' title='bbox 165 2947 317 3040; x_wconf 85' lang='lat' dir='ltr'>gelicano</span> <span class='ocrx_word' id='word_1_159' title='bbox 345 2967 378 3015; x_wconf 90' lang='lat' dir='ltr'>et</span> <span class='ocrx_word' id='word_1_160' title='bbox 402 2969 516 3016; x_wconf 91' lang='lat' dir='ltr'>nostro</span> <span class='ocrx_word' id='word_1_161' title='bbox 541 2949 687 3041; x_wconf 87' lang='lat' dir='ltr'>quodam</span> <span class='ocrx_word' id='word_1_162' title='bbox 715 2949 832 3016; x_wconf 89' lang='lat' dir='ltr'>codice</span> <span class='ocrx_word' id='word_1_163' title='bbox 858 2951 891 3013; x_wconf 91' lang='lat' dir='ltr'>in</span> <span class='ocrx_word' id='word_1_164' title='bbox 908 2949 1037 3013; x_wconf 88' lang='lat' dir='ltr'>Etruria</span> <span class='ocrx_word' id='word_1_165' title='bbox 1062 2965 1186 3038; x_wconf 85' lang='lat' dir='ltr'>empto,</span> <span class='ocrx_word' id='word_1_166' title='bbox 1208 2972 1260 3011; x_wconf 88' lang='lat' dir='ltr'>se-</span> 
     </span>
     <span class='ocr_line' id='line_1_21' title="bbox 162 3060 1259 3143; baseline 0 -17"><span class='ocrx_word' id='word_1_167' title='bbox 162 3060 230 3128; x_wconf 88' lang='lat' dir='ltr'>mel</span> <span class='ocrx_word' id='word_1_168' title='bbox 257 3061 345 3129; x_wconf 88' lang='lat' dir='ltr'>adeo</span> <span class='ocrx_word' id='word_1_169' title='bbox 371 3062 502 3132; x_wconf 82' lang='lat' dir='ltr'>Sarrae</span> <span class='ocrx_word' id='word_1_170' title='bbox 534 3066 569 3128; x_wconf 87' lang='lat' dir='ltr'>iu</span> <span class='ocrx_word' id='word_1_171' title='bbox 594 3062 714 3130; x_wconf 88' lang='lat' dir='ltr'>eodem</span> <span class='ocrx_word' id='word_1_172' title='bbox 740 3063 798 3130; x_wconf 90' lang='lat' dir='ltr'>illo</span> <span class='ocrx_word' id='word_1_173' title='bbox 825 3063 932 3143; x_wconf 80' lang='lat' dir='ltr'>libro.</span> <span class='ocrx_word' id='word_1_174' title='bbox 968 3060 1087 3131; x_wconf 83' lang='lat' dir='ltr'>Plauti</span> <span class='ocrx_word' id='word_1_175' title='bbox 1113 3064 1259 3129; x_wconf 86' lang='lat' dir='ltr'>Comicis</span> 
     </span>
     <span class='ocr_line' id='line_1_22' title="bbox 164 3154 1322 3269; baseline 0 -30"><span class='ocrx_word' id='word_1_176' title='bbox 164 3199 208 3239; x_wconf 74' lang='lat' dir='ltr'>ea</span> <span class='ocrx_word' id='word_1_177' title='bbox 232 3154 377 3242; x_wconf 78' lang='lat' dir='ltr'>Vmbria</span> <span class='ocrx_word' id='word_1_178' title='bbox 399 3177 600 3244; x_wconf 81' lang='lat' dir='ltr'>Sarsenatis</span> <span class='ocrx_word' id='word_1_179' title='bbox 624 3180 658 3243; x_wconf 89' lang='lat' dir='ltr'>in</span> <span class='ocrx_word' id='word_1_180' title='bbox 671 3180 830 3244; x_wconf 83' lang='lat' dir='ltr'>Perusino</span> <span class='ocrx_word' id='word_1_181' title='bbox 848 3182 929 3255; x_wconf 70' lang='lat'>950,</span> <span class='ocrx_word' id='word_1_182' title='bbox 958 3175 1256 3269; x_wconf 85' lang='lat' dir='ltr'>(quemadmodum</span> <span class='ocrx_word' id='word_1_183' title='bbox 1310 3236 1322 3257; x_wconf 75' lang='lat'>‚</span> 
     </span>
     <span class='ocr_line' id='line_1_23' title="bbox 162 3289 1342 3384; baseline -0.003 -29"><span class='ocrx_word' id='word_1_184' title='bbox 162 3291 371 3356; x_wconf 67' lang='lat' dir='ltr'>farsenates</span> <span class='ocrx_word' id='word_1_185' title='bbox 411 3292 545 3359; x_wconf 85' lang='lat' dir='ltr'>exhibet</span> <span class='ocrx_word' id='word_1_186' title='bbox 579 3291 654 3358; x_wconf 90' lang='lat' dir='ltr'>cod.</span> <span class='ocrx_word' id='word_1_187' title='bbox 686 3292 1001 3384; x_wconf 75' lang='lat' dir='ltr'>Sualtenburgianus</span> <span class='ocrx_word' id='word_1_188' title='bbox 1025 3289 1125 3355; x_wconf 87' lang='lat' dir='ltr'>Plinii</span> <span class='ocrx_word' id='word_1_189' title='bbox 1148 3293 1189 3357; x_wconf 83' lang='lat' dir='ltr'>N.</span> <span class='ocrx_word' id='word_1_190' title='bbox 1216 3291 1257 3356; x_wconf 88' lang='lat' dir='ltr'>ll.</span> <span class='ocrx_word' id='word_1_191' title='bbox 1341 3333 1342 3336; x_wconf 17' lang='grc' dir='ltr'>η</span> 
     </span>
     <span class='ocr_line' id='line_1_24' title="bbox 162 3405 1257 3491; baseline -0.001 -23"><span class='ocrx_word' id='word_1_192' title='bbox 162 3405 221 3484; x_wconf 87' lang='lat'>111,</span> <span class='ocrx_word' id='word_1_193' title='bbox 251 3405 306 3484; x_wconf 79' lang='lat' dir='ltr'>tt,</span> <span class='ocrx_word' id='word_1_194' title='bbox 338 3405 384 3476; x_wconf 83' lang='lat'>19</span> <span class='ocrx_word' id='word_1_195' title='bbox 409 3433 434 3473; x_wconf 89' lang='lat' dir='ltr'>s.</span> <span class='ocrx_word' id='word_1_196' title='bbox 464 3405 559 3491; x_wconf 73' lang='grc'>114),</span> <span class='ocrx_word' id='word_1_197' title='bbox 585 3405 706 3474; x_wconf 86' lang='lat' dir='ltr'>Pauti</span> <span class='ocrx_word' id='word_1_198' title='bbox 724 3407 869 3474; x_wconf 83' lang='lat' dir='ltr'>Comedi&#39;</span> <span class='ocrx_word' id='word_1_199' title='bbox 888 3407 1106 3473; x_wconf 78' lang='lat' dir='ltr'>Sarsinonn&#39;s</span> <span class='ocrx_word' id='word_1_200' title='bbox 1125 3406 1257 3469; x_wconf 83' lang='lat' dir='ltr'>Poetae</span> 
     </span>
     <span class='ocr_line' id='line_1_25' title="bbox 161 3504 1255 3605; baseline -0.002 -19"><span class='ocrx_word' id='word_1_201' title='bbox 161 3520 353 3587; x_wconf 81' lang='lat' dir='ltr'>Clarissimi</span> <span class='ocrx_word' id='word_1_202' title='bbox 384 3522 418 3587; x_wconf 90' lang='lat' dir='ltr'>in</span> <span class='ocrx_word' id='word_1_203' title='bbox 445 3504 607 3589; x_wconf 85' lang='lat' dir='ltr'>Perusino</span> <span class='ocrx_word' id='word_1_204' title='bbox 643 3522 723 3592; x_wconf 83' lang='grc'><strong>139.</strong></span> <span class='ocrx_word' id='word_1_205' title='bbox 756 3521 905 3605; x_wconf 89' lang='lat' dir='ltr'>·Quodsi</span> <span class='ocrx_word' id='word_1_206' title='bbox 932 3546 949 3587; x_wconf 93' lang='lat' dir='ltr'>e</span> <span class='ocrx_word' id='word_1_207' title='bbox 977 3520 1170 3588; x_wconf 81' lang='lat' dir='ltr'>Sarsinatis</span> <span class='ocrx_word' id='word_1_208' title='bbox 1197 3545 1255 3584; x_wconf 88' lang='lat' dir='ltr'>na-</span> 
     </span>
     <span class='ocr_line' id='line_1_26' title="bbox 159 3634 1256 3730; baseline 0.002 -31"><span class='ocrx_word' id='word_1_209' title='bbox 159 3651 227 3699; x_wconf 91' lang='lat' dir='ltr'>tum</span> <span class='ocrx_word' id='word_1_210' title='bbox 255 3661 327 3703; x_wconf 86' lang='lat' dir='ltr'>esse</span> <span class='ocrx_word' id='word_1_211' title='bbox 353 3634 471 3703; x_wconf 88' lang='lat' dir='ltr'>Asinii</span> <span class='ocrx_word' id='word_1_212' title='bbox 495 3637 678 3703; x_wconf 80' lang='lat' dir='ltr'>dixerimus</span> <span class='ocrx_word' id='word_1_213' title='bbox 705 3637 918 3730; x_wconf 87' lang='lat' dir='ltr'>simpliciter,</span> <span class='ocrx_word' id='word_1_214' title='bbox 946 3662 1014 3702; x_wconf 87' lang='lat' dir='ltr'>non</span> <span class='ocrx_word' id='word_1_215' title='bbox 1040 3638 1202 3701; x_wconf 86' lang='lat' dir='ltr'>miremur</span> <span class='ocrx_word' id='word_1_216' title='bbox 1228 3636 1256 3701; x_wconf 91' lang='lat' dir='ltr'>si</span> 
     </span>
     <span class='ocr_line' id='line_1_27' title="bbox 157 3748 1251 3845; baseline 0.002 -33"><span class='ocrx_word' id='word_1_217' title='bbox 157 3748 222 3816; x_wconf 83' lang='lat' dir='ltr'>boc</span> <span class='ocrx_word' id='word_1_218' title='bbox 250 3749 449 3817; x_wconf 84' lang='lat' dir='ltr'>audaculum</span> <span class='ocrx_word' id='word_1_219' title='bbox 475 3751 652 3845; x_wconf 86' lang='lat' dir='ltr'>plerisque</span> <span class='ocrx_word' id='word_1_220' title='bbox 679 3751 831 3817; x_wconf 84' lang='lat' dir='ltr'>videatur</span> <span class='ocrx_word' id='word_1_221' title='bbox 857 3769 889 3816; x_wconf 86' lang='lat' dir='ltr'>et</span> <span class='ocrx_word' id='word_1_222' title='bbox 915 3752 1102 3816; x_wconf 80' lang='lat' dir='ltr'>abhorrens</span> <span class='ocrx_word' id='word_1_223' title='bbox 1127 3777 1143 3815; x_wconf 89' lang='lat' dir='ltr'>a</span> <span class='ocrx_word' id='word_1_224' title='bbox 1171 3773 1251 3840; x_wconf 85' lang='lat' dir='ltr'>pro-</span> 
     </span>
     <span class='ocr_line' id='line_1_28' title="bbox 158 3864 1251 3957; baseline -0.003 -27"><span class='ocrx_word' id='word_1_225' title='bbox 158 3865 346 3932; x_wconf 85' lang='lat' dir='ltr'>babilitate:</span> <span class='ocrx_word' id='word_1_226' title='bbox 373 3868 504 3932; x_wconf 83' lang='lat' dir='ltr'>tautetsi</span> <span class='ocrx_word' id='word_1_227' title='bbox 531 3890 600 3932; x_wconf 90' lang='lat' dir='ltr'>non</span> <span class='ocrx_word' id='word_1_228' title='bbox 627 3865 702 3932; x_wconf 83' lang='lat' dir='ltr'>leve</span> <span class='ocrx_word' id='word_1_229' title='bbox 729 3865 885 3957; x_wconf 82' lang='lat' dir='ltr'>proiecto</span> <span class='ocrx_word' id='word_1_230' title='bbox 910 3866 1044 3957; x_wconf 87' lang='lat' dir='ltr'>pondus</span> <span class='ocrx_word' id='word_1_231' title='bbox 1057 3866 1125 3931; x_wconf 88' lang='lat' dir='ltr'>hoc</span> <span class='ocrx_word' id='word_1_232' title='bbox 1141 3864 1251 3940; x_wconf 85' lang='lat' dir='ltr'>habet,</span> 
     </span>
     <span class='ocr_line' id='line_1_29' title="bbox 160 3977 1312 4074; baseline -0.006 -28"><span class='ocrx_word' id='word_1_233' title='bbox 160 3979 250 4071; x_wconf 89' lang='lat' dir='ltr'>quod</span> <span class='ocrx_word' id='word_1_234' title='bbox 286 4005 457 4074; x_wconf 83' lang='lat' dir='ltr'>nunquam</span> <span class='ocrx_word' id='word_1_235' title='bbox 485 3980 678 4048; x_wconf 86' lang='lat' dir='ltr'>Sarsinatis</span> <span class='ocrx_word' id='word_1_236' title='bbox 715 4000 747 4046; x_wconf 89' lang='lat' dir='ltr'>ct</span> <span class='ocrx_word' id='word_1_237' title='bbox 772 3977 889 4047; x_wconf 79' lang='lat' dir='ltr'>Asinii</span> <span class='ocrx_word' id='word_1_238' title='bbox 923 3981 1056 4046; x_wconf 82' lang='lat' dir='ltr'>nomina</span> <span class='ocrx_word' id='word_1_239' title='bbox 1096 3979 1252 4070; x_wconf 79' lang='lat' dir='ltr'>leguntur</span> <span class='ocrx_word' id='word_1_240' title='bbox 1307 4028 1312 4038; x_wconf 82' lang='lat'><em>.</em></span> 
     </span>
    </p>
   </div>
   <div class='ocr_carea' id='block_1_4' title="bbox 163 4116 384 4135">
    <p class='ocr_par' dir='ltr' id='par_1_6' title="bbox 163 4116 384 4135">
     <span class='ocr_line' id='line_1_30' title="bbox 163 4116 384 4135; baseline 0 -2"><span class='ocrx_word' id='word_1_241' title='bbox 163 4116 384 4135; x_wconf 56' lang='lat' dir='ltr'>m</span> 
     </span>
    </p>
   </div>
   <div class='ocr_carea' id='block_1_5' title="bbox 230 4177 1252 4773">
    <p class='ocr_par' dir='ltr' id='par_1_7' title="bbox 230 4177 1252 4773">
     <span class='ocr_line' id='line_1_31' title="bbox 240 4177 1247 4247; baseline -0.002 -19"><span class='ocrx_word' id='word_1_242' title='bbox 240 4177 294 4228; x_wconf 76' lang='lat' dir='ltr'>dici</span> <span class='ocrx_word' id='word_1_243' title='bbox 309 4194 365 4229; x_wconf 78' lang='lat' dir='ltr'>aso</span> <span class='ocrx_word' id='word_1_244' title='bbox 381 4178 444 4244; x_wconf 74' lang='lat' dir='ltr'>fides</span> <span class='ocrx_word' id='word_1_245' title='bbox 462 4179 608 4233; x_wconf 72' lang='lat' dir='ltr'>adnitenda</span> <span class='ocrx_word' id='word_1_246' title='bbox 625 4179 746 4232; x_wconf 75' lang='lat' dir='ltr'>Basileus</span> <span class='ocrx_word' id='word_1_247' title='bbox 762 4181 870 4247; x_wconf 53' lang='lat' dir='ltr'>crespio</span> <span class='ocrx_word' id='word_1_248' title='bbox 894 4179 1026 4230; x_wconf 73' lang='lat' dir='ltr'>trtrtr,</span> <span class='ocrx_word' id='word_1_249' title='bbox 1047 4178 1142 4228; x_wconf 80' lang='lat' dir='ltr'>uiiinc</span> <span class='ocrx_word' id='word_1_250' title='bbox 1160 4191 1247 4226; x_wconf 78' lang='lat' dir='ltr'>aanor</span> 
     </span>
     <span class='ocr_line' id='line_1_32' title="bbox 240 4264 1248 4335; baseline 0.002 -21"><span class='ocrx_word' id='word_1_251' title='bbox 240 4281 273 4314; x_wconf 77' lang='lat' dir='ltr'>aa</span> <span class='ocrx_word' id='word_1_252' title='bbox 295 4281 323 4315; x_wconf 77' lang='lat' dir='ltr'>ao</span> <span class='ocrx_word' id='word_1_253' title='bbox 342 4264 484 4335; x_wconf 73' lang='lat' dir='ltr'>exemplari</span> <span class='ocrx_word' id='word_1_254' title='bbox 502 4267 779 4334; x_wconf 62' lang='lat' dir='ltr'>cenomaniam</span> <span class='ocrx_word' id='word_1_255' title='bbox 798 4267 944 4317; x_wconf 78' lang='lat' dir='ltr'>cornoediaa</span> <span class='ocrx_word' id='word_1_256' title='bbox 962 4264 1095 4315; x_wconf 79' lang='lat' dir='ltr'>Plautinas</span> <span class='ocrx_word' id='word_1_257' title='bbox 1115 4281 1248 4316; x_wconf 76' lang='lat' dir='ltr'>emanasse</span> 
     </span>
     <span class='ocr_line' id='line_1_33' title="bbox 238 4349 1248 4421; baseline 0.002 -20"><span class='ocrx_word' id='word_1_258' title='bbox 238 4349 375 4402; x_wconf 70' lang='lat' dir='ltr'>dicaam.-</span> <span class='ocrx_word' id='word_1_259' title='bbox 402 4351 526 4419; x_wconf 78' lang='lat' dir='ltr'>proclivia</span> <span class='ocrx_word' id='word_1_260' title='bbox 545 4355 694 4405; x_wconf 83' lang='lat' dir='ltr'>coniectura</span> <span class='ocrx_word' id='word_1_261' title='bbox 716 4361 756 4404; x_wconf 81' lang='lat' dir='ltr'>est</span> <span class='ocrx_word' id='word_1_262' title='bbox 774 4367 868 4404; x_wconf 85' lang='lat' dir='ltr'>nomen</span> <span class='ocrx_word' id='word_1_263' title='bbox 889 4351 953 4403; x_wconf 85' lang='lat' dir='ltr'>iilud</span> <span class='ocrx_word' id='word_1_264' title='bbox 974 4352 999 4403; x_wconf 85' lang='lat' dir='ltr'>in</span> <span class='ocrx_word' id='word_1_265' title='bbox 1021 4352 1166 4419; x_wconf 82' lang='lat' dir='ltr'>posteriore</span> <span class='ocrx_word' id='word_1_266' title='bbox 1187 4353 1248 4421; x_wconf 86' lang='lat' dir='ltr'>qui-</span> 
     </span>
     <span class='ocr_line' id='line_1_34' title="bbox 240 4436 1247 4506; baseline 0.005 -19"><span class='ocrx_word' id='word_1_267' title='bbox 240 4436 300 4489; x_wconf 79' lang='lat' dir='ltr'>dam</span> <span class='ocrx_word' id='word_1_268' title='bbox 318 4446 392 4506; x_wconf 80' lang='lat' dir='ltr'>parta</span> <span class='ocrx_word' id='word_1_269' title='bbox 410 4442 467 4492; x_wconf 78' lang='lat' dir='ltr'>eiua</span> <span class='ocrx_word' id='word_1_270' title='bbox 485 4440 583 4506; x_wconf 73' lang='lat' dir='ltr'>cadicio</span> <span class='ocrx_word' id='word_1_271' title='bbox 595 4455 647 4492; x_wconf 87' lang='lat' dir='ltr'>non</span> <span class='ocrx_word' id='word_1_272' title='bbox 661 4439 756 4492; x_wconf 80' lang='lat' dir='ltr'>lectum</span> <span class='ocrx_word' id='word_1_273' title='bbox 770 4455 840 4502; x_wconf 82' lang='lat' dir='ltr'>casa,</span> <span class='ocrx_word' id='word_1_274' title='bbox 859 4440 904 4490; x_wconf 82' lang='lat' dir='ltr'>aed</span> <span class='ocrx_word' id='word_1_275' title='bbox 922 4440 947 4491; x_wconf 87' lang='lat' dir='ltr'>in</span> <span class='ocrx_word' id='word_1_276' title='bbox 966 4441 1052 4505; x_wconf 79' lang='lat' dir='ltr'>priora</span> <span class='ocrx_word' id='word_1_277' title='bbox 1073 4447 1177 4502; x_wconf 82' lang='lat' dir='ltr'>tantan,</span> <span class='ocrx_word' id='word_1_278' title='bbox 1189 4442 1247 4492; x_wconf 81' lang='lat' dir='ltr'>sira</span> 
     </span>
     <span class='ocr_line' id='line_1_35' title="bbox 236 4523 1245 4595; baseline 0.001 -17"><span class='ocrx_word' id='word_1_279' title='bbox 236 4524 319 4578; x_wconf 73' lang='lat' dir='ltr'>semet</span> <span class='ocrx_word' id='word_1_280' title='bbox 337 4523 370 4576; x_wconf 87' lang='lat' dir='ltr'>ab</span> <span class='ocrx_word' id='word_1_281' title='bbox 389 4527 463 4578; x_wconf 88' lang='lat' dir='ltr'>initio</span> <span class='ocrx_word' id='word_1_282' title='bbox 481 4529 593 4595; x_wconf 79' lang='lat' dir='ltr'>posituro</span> <span class='ocrx_word' id='word_1_283' title='bbox 612 4530 669 4580; x_wconf 81' lang='lat' dir='ltr'>sire</span> <span class='ocrx_word' id='word_1_284' title='bbox 687 4531 769 4580; x_wconf 84' lang='lat' dir='ltr'>octies</span> <span class='ocrx_word' id='word_1_285' title='bbox 778 4528 925 4594; x_wconf 82' lang='lat' dir='ltr'>repetitum,</span> <span class='ocrx_word' id='word_1_286' title='bbox 946 4529 1071 4589; x_wconf 76' lang='lat' dir='ltr'>extitisse,</span> <span class='ocrx_word' id='word_1_287' title='bbox 1091 4526 1141 4579; x_wconf 86' lang='lat' dir='ltr'>huc</span> <span class='ocrx_word' id='word_1_288' title='bbox 1160 4533 1245 4579; x_wconf 85' lang='lat' dir='ltr'>autem</span> 
     </span>
     <span class='ocr_line' id='line_1_36' title="bbox 237 4613 1244 4683; baseline 0.001 -21"><span class='ocrx_word' id='word_1_289' title='bbox 237 4626 270 4663; x_wconf 85' lang='lat' dir='ltr'>ax</span> <span class='ocrx_word' id='word_1_290' title='bbox 288 4627 340 4664; x_wconf 90' lang='lat' dir='ltr'>uuo</span> <span class='ocrx_word' id='word_1_291' title='bbox 359 4628 447 4666; x_wconf 82' lang='lat' dir='ltr'>eornm</span> <span class='ocrx_word' id='word_1_292' title='bbox 468 4617 581 4683; x_wconf 86' lang='lat' dir='ltr'>ipsorum</span> <span class='ocrx_word' id='word_1_293' title='bbox 603 4616 723 4668; x_wconf 74' lang='lat' dir='ltr'>librorum</span> <span class='ocrx_word' id='word_1_294' title='bbox 746 4615 844 4667; x_wconf 81' lang='lat' dir='ltr'>illatum</span> <span class='ocrx_word' id='word_1_295' title='bbox 863 4630 931 4676; x_wconf 85' lang='lat' dir='ltr'>esse,</span> <span class='ocrx_word' id='word_1_296' title='bbox 959 4617 1001 4682; x_wconf 87' lang='lat' dir='ltr'>qui</span> <span class='ocrx_word' id='word_1_297' title='bbox 1027 4618 1052 4667; x_wconf 89' lang='lat' dir='ltr'>iu</span> <span class='ocrx_word' id='word_1_298' title='bbox 1073 4622 1132 4668; x_wconf 86' lang='lat' dir='ltr'>octo</span> <span class='ocrx_word' id='word_1_299' title='bbox 1151 4613 1244 4666; x_wconf 80' lang='lat' dir='ltr'>fabalis</span> 
     </span>
     <span class='ocr_line' id='line_1_37' title="bbox 230 4695 1252 4773; baseline 0.001 -23"><span class='ocrx_word' id='word_1_300' title='bbox 230 4697 386 4766; x_wconf 68' lang='lat' dir='ltr'>substitero,</span> <span class='ocrx_word' id='word_1_301' title='bbox 405 4703 498 4772; x_wconf 79' lang='lat' dir='ltr'>quibua</span> <span class='ocrx_word' id='word_1_302' title='bbox 517 4703 622 4773; x_wconf 73' lang='lat' dir='ltr'>quidem</span> <span class='ocrx_word' id='word_1_303' title='bbox 640 4704 838 4758; x_wconf 84' lang='lat' dir='ltr'>additamentum</span> <span class='ocrx_word' id='word_1_304' title='bbox 857 4702 920 4756; x_wconf 83' lang='lat' dir='ltr'>iliad</span> <span class='ocrx_word' id='word_1_305' title='bbox 941 4701 1093 4755; x_wconf 83' lang='lat' dir='ltr'>tralaticium</span> <span class='ocrx_word' id='word_1_306' title='bbox 1111 4700 1166 4753; x_wconf 79' lang='lat' dir='ltr'>luit.</span> <span class='ocrx_word' id='word_1_307' title='bbox 1249 4695 1252 4700; x_wconf 78' lang='grc'><strong>’</strong></span> 
     </span>
    </p>
   </div>
   <div class='ocr_carea' id='block_1_6' title="bbox 0 0 1414 5332">
    <p class='ocr_par' dir='ltr' id='par_1_8' title="bbox 0 0 1414 5332">
     <span class='ocr_line' id='line_1_38' title="bbox 0 0 1414 5332; baseline 0 4"><span class='ocrx_word' id='word_1_308' title='bbox 0 0 1414 5332; x_wconf 95' lang='lat' dir='ltr'> </span> 
     </span>
    </p>
   </div>
  </div>
 </body>
</html>
