2820 5332
99 39 216 332 Ι
1351 324 1359 338 Q

637 418 640 425 ι

509 677 680 725 uutuvuut
704 682 895 728 assumatis.
1173 661 1244 732 579

159 870 352 946 exoptatum
390 877 554 944 generum
579 851 724 916 saturum
751 877 823 918 esse
849 851 1053 944 significavit,
1079 875 1169 921 nuuc
1190 853 1251 920 ali-

157 968 240 1061 quial
269 987 377 1035 tamen
410 993 482 1034 esse
511 968 664 1047 subiicit,
699 966 789 1059 quod
816 966 850 1032 iu
876 967 935 1034 illo
961 991 1030 1034 uon
1055 970 1161 1060 possit
1181 995 1251 1036 non

160 1085 370 1176 improbare:
398 1083 491 1175 quod
520 1085 645 1148 amicus
672 1100 772 1174 etque
798 1081 966 1149 familiaris
984 1084 1162 1151 Lesbonici
1180 1111 1249 1152 unu

161 1198 355 1291 impedierit
385 1197 565 1279 mouendo,
592 1197 799 1291 castigando,
825 1198 1044 1279 obsecrando,
1072 1203 1248 1292 quominus

163 1340 203 1380 eo
229 1313 377 1380 libidinis
407 1316 642 1406 pensitatisque
670 1317 698 1380 is
725 1313 952 1380 delaberetur.
996 1316 1039 1380 Et
1061 1317 1137 1381 satis
1157 1334 1251 1383 rente

162 1428 195 1493 in
210 1429 360 1495 sodalem
385 1431 547 1508 convenit,
574 1431 680 1498 sodali
707 1448 835 1523 patrem
859 1429 1074 1524 eundemque
1097 1432 1250 1498 benevo-

163 1542 382 1611 lentissimum
397 1546 460 1609 sibi
478 1546 543 1637 ipsi
556 1571 711 1612 socerum
731 1570 877 1612 exorare.
904 1548 977 1612 Nec
994 1545 1149 1613 codicum
1162 1545 1252 1612 indi·

167 1663 215 1725 cia
231 1659 362 1738 desunt,
375 1686 460 1752 quae
475 1661 552 1726 huic
570 1660 795 1728 emendationi
808 1659 909 1726 fidem
923 1661 1055 1729 saciant.
1079 1661 1163 1728 Nam
1179 1688 1254 1729 eum
1336 1652 1341 1659 .

168 1778 366 1842 Decurtatus
385 1801 459 1841 cum
479 1778 628 1842 affinibus
645 1777 739 1843 libris
757 1802 942 1870 perpaucas
956 1802 1174 1870 personarum
1192 1803 1254 1846 no-

168 1909 214 1954 tas
238 1895 410 1970 servarint,
434 1893 540 1959 Vetus
558 1892 695 1984 quidem
717 1895 775 1959 etsi
794 1893 856 1960 huc
882 1895 917 1958 iu
939 1918 1039 1959 scena
1057 1892 1254 1987 saepissime

169 2029 209 2069 en
237 2007 270 2069 iu
296 2031 419 2097 genere
446 2010 606 2098 peccavit,
631 2025 738 2073 tamen
763 2008 827 2100 ipsi
854 2009 965 2074 versui
985 2004 1027 2075 41
1058 2032 1125 2075 nou
1148 2007 1252 2075 Calli-

171 2119 231 2184 elis
254 2123 439 2212 praemisit,
466 2122 526 2188 sed
552 2123 705 2216 Lysitelis
731 2143 861 2198 uotum,
889 2125 1039 2216 itemque
1061 2126 1169 2191 versui
1197 2121 1255 2203 54,

170 2253 203 2298 et
230 2261 340 2318 versus·
360 2236 405 2303 55
433 2261 498 2327 ego
523 2241 609 2308 voci.
635 2272 683 2286 -
710 2240 863 2306 Nuuciue
891 2240 990 2330 igitur
1015 2257 1105 2305 recte
1131 2266 1167 2306 se
1194 2241 1256 2306 ha-

161 2330 229 2414 ‚bet
268 2376 421 2416 versuum
453 2354 510 2445 qui
543 2352 639 2448 vulgo
678 2354 829 2420 seruntur
863 2353 920 2423 42.
952 2355 999 2422 43
1033 2355 1255 2422 continuitas?

170 2466 310 2530 Minime
334 2491 424 2532 vero.
465 2468 534 2533 Etsi
561 2471 649 2534 euim
676 2494 744 2535 unu
772 2487 869 2548 tauta,
896 2488 1018 2562 quauta
1035 2468 1176 2548 Callicli,
1203 2497 1254 2537 as-

173 2583 379 2647 severatione
405 2570 552 2675 Lysiteli,
579 2608 645 2675 quo
671 2600 706 2649 se
724 2583 897 2651 Charmidi
922 2602 1051 2678 purget,
1077 2609 1161 2677 opus
1181 2611 1253 2652 esse

173 2697 343 2775 sentimus,
371 2715 574 2781 tamennon
600 2701 709 2790 putuit
734 2700 889 2792 prosectu
916 2701 950 2764 in
974 2724 1013 2766 eo
1029 2701 1256 2792 acquiescere,

173 2828 209 2875 ut
232 2812 352 2877 merito
388 2813 472 2892 sibi,
511 2817 538 2878 si
573 2839 629 2880 sua
655 2813 824 2881 voluntate
852 2838 987 2910 pessum
1021 2814 1070 2880 ire
1105 2814 1255 2881 sodalem

174 2949 287 3017 passus
314 2946 415 3003 esset,
444 2929 631 2994 suscenseri
657 2928 797 2996 diceret
849 2930 935 2995 Satis
959 2947 1066 2994 autem
1095 2955 1168 2995 esse
1194 2930 1257 3021 po·

174 3058 274 3119 terat,
307 3043 332 3106 si
360 3042 411 3108 vel
444 3043 575 3110 duobus
602 3043 773 3133 versiculis
801 3044 932 3138 eulpam
960 3071 977 3110 a
1003 3067 1039 3112 se
1066 3063 1261 3138 segreget-et

173 3155 261 3219 velut
287 3158 351 3225 linc
379 3158 548 3251 exemplo:

273 3271 314 3337 Si
338 3268 376 3337 id
400 3298 476 3338 uma
503 3272 677 3340 voluntale
701 3276 881 3355 factumst,
908 3265 959 3339 e'st
985 3270 1077 3363 quod
1101 3271 1184 3338 ηιιἹιί
1198 3295 1254 3338 sn·

763 3383 935 3458 secluseras.

274 3497 400 3572 Ve'rum
425 3504 621 3570 incendium
646 3498 723 3579 tibi,
750 3501 843 3596 quod
864 3500 1033 3576 comedat,
1062 3495 1128 3568 sibi
1148 3528 1254 3596 para·

759 3635 830 3684 tum
854 3614 1035 3697 invenerit,

271 3727 382 3825 ‘ipsus
406 3738 474 3800 scis
498 3759 598 3828 qnam
624 3728 669 3799 sit
695 3733 833 3824 difficile
868 3728 977 3821 offlisa
1012 3756 1102 3823 aqua
1127 3727 1254 3796 restin-

763 3873 880 3939 gnere.

272 3958 332 4028 Se't
358 3968 432 4029 sine
458 3990 510 4030 me
532 3965 595 4031 linc
620 3964 679 4030 abs
706 3980 740 4029 te
765 3959 948 4054 impetrare
974 3954 1065 4052 qudd
1092 3960 1146 4026 vol
1168 4008 1175 4024 .
