<?xml version="1.0" encoding="UTF-8"?>
<!DOCTYPE html PUBLIC "-//W3C//DTD XHTML 1.0 Transitional//EN"
    "http://www.w3.org/TR/xhtml1/DTD/xhtml1-transitional.dtd">
<html xmlns="http://www.w3.org/1999/xhtml" xml:lang="en" lang="en">
 <head>
  <title>
</title>
<meta http-equiv="Content-Type" content="text/html;charset=utf-8" />
  <meta name='ocr-system' content='tesseract 3.04.00' />
  <meta name='ocr-capabilities' content='ocr_page ocr_carea ocr_par ocr_line ocrx_word'/>
</head>
<body>
  <div class='ocr_page' id='page_1' title='image "./parergonplautin01ritsgoog_0449.png"; bbox 0 0 2820 5332; ppageno 0'>
   <div class='ocr_carea' id='block_1_1' title="bbox 231 686 905 759">
    <p class='ocr_par' dir='ltr' id='par_1_1' title="bbox 231 686 905 759">
     <span class='ocr_line' id='line_1_1' title="bbox 231 686 905 759; baseline -0.012 0"><span class='ocrx_word' id='word_1_1' title='bbox 231 686 305 759; x_wconf 71' lang='grc'><strong>408</strong></span> <span class='ocrx_word' id='word_1_2' title='bbox 642 712 696 754; x_wconf 85' lang='lat' dir='ltr'><strong>ru.</strong></span> <span class='ocrx_word' id='word_1_3' title='bbox 721 712 761 753; x_wconf 82' lang='lat' dir='ltr'><strong>ne</strong></span> <span class='ocrx_word' id='word_1_4' title='bbox 791 709 905 753; x_wconf 76' lang='lat' dir='ltr'><strong>rttvrt</strong></span> 
     </span>
    </p>
   </div>
   <div class='ocr_carea' id='block_1_2' title="bbox 227 864 1321 1323">
    <p class='ocr_par' dir='ltr' id='par_1_2' title="bbox 227 864 1321 1323">
     <span class='ocr_line' id='line_1_2' title="bbox 229 864 1320 974; baseline -0.005 -23"><span class='ocrx_word' id='word_1_5' title='bbox 229 885 371 951; x_wconf 80' lang='lat' dir='ltr'><strong>busdam</strong></span> <span class='ocrx_word' id='word_1_6' title='bbox 397 885 492 949; x_wconf 86' lang='lat' dir='ltr'><strong>etiam</strong></span> <span class='ocrx_word' id='word_1_7' title='bbox 521 864 676 948; x_wconf 85' lang='lat' dir='ltr'><strong>deserere</strong></span> <span class='ocrx_word' id='word_1_8' title='bbox 701 882 846 962; x_wconf 85' lang='lat' dir='ltr'><strong>Plautus,</strong></span> <span class='ocrx_word' id='word_1_9' title='bbox 872 899 982 946; x_wconf 87' lang='lat' dir='ltr'><strong>tamen</strong></span> <span class='ocrx_word' id='word_1_10' title='bbox 1008 904 1051 944; x_wconf 86' lang='lat' dir='ltr'><strong>ne</strong></span> <span class='ocrx_word' id='word_1_11' title='bbox 1076 903 1213 945; x_wconf 87' lang='lat' dir='ltr'><strong>necesse</strong></span> <span class='ocrx_word' id='word_1_12' title='bbox 1239 881 1320 974; x_wconf 87' lang='lat' dir='ltr'><strong>qui-</strong></span> 
     </span>
     <span class='ocr_line' id='line_1_3' title="bbox 230 994 1321 1090; baseline -0.004 -24"><span class='ocrx_word' id='word_1_13' title='bbox 230 1000 307 1066; x_wconf 87' lang='lat' dir='ltr'><strong>dem</strong></span> <span class='ocrx_word' id='word_1_14' title='bbox 327 1022 401 1067; x_wconf 87' lang='lat' dir='ltr'><strong>esse</strong></span> <span class='ocrx_word' id='word_1_15' title='bbox 418 1020 453 1064; x_wconf 88' lang='lat' dir='ltr'><strong>ut</strong></span> <span class='ocrx_word' id='word_1_16' title='bbox 470 998 652 1090; x_wconf 70' lang='lat' dir='ltr'><strong>Megabyzo</strong></span> <span class='ocrx_word' id='word_1_17' title='bbox 671 997 870 1064; x_wconf 88' lang='lat' dir='ltr'><strong>Menandrio</strong></span> <span class='ocrx_word' id='word_1_18' title='bbox 886 995 1061 1089; x_wconf 86' lang='lat' dir='ltr'><strong>Megabyzi</strong></span> <span class='ocrx_word' id='word_1_19' title='bbox 1081 994 1183 1061; x_wconf 89' lang='lat' dir='ltr'><strong>lilium</strong></span> <span class='ocrx_word' id='word_1_20' title='bbox 1199 995 1321 1062; x_wconf 85' lang='lat' dir='ltr'><strong>Theo-</strong></span> 
     </span>
     <span class='ocr_line' id='line_1_4' title="bbox 231 1109 1319 1192; baseline -0.003 -11"><span class='ocrx_word' id='word_1_21' title='bbox 231 1117 346 1181; x_wconf 87' lang='lat' dir='ltr'><strong>timum</strong></span> <span class='ocrx_word' id='word_1_22' title='bbox 372 1113 504 1180; x_wconf 84' lang='lat' dir='ltr'><strong>Plautus</strong></span> <span class='ocrx_word' id='word_1_23' title='bbox 532 1115 738 1179; x_wconf 70' lang='lat' dir='ltr'><strong>substituisse</strong></span> <span class='ocrx_word' id='word_1_24' title='bbox 766 1111 929 1178; x_wconf 88' lang='lat' dir='ltr'><strong>credatur.</strong></span> <span class='ocrx_word' id='word_1_25' title='bbox 959 1109 1084 1192; x_wconf 78' lang='lat' dir='ltr'><strong>Quidni</strong></span> <span class='ocrx_word' id='word_1_26' title='bbox 1107 1113 1194 1176; x_wconf 93' lang='lat' dir='ltr'><strong>enim</strong></span> <span class='ocrx_word' id='word_1_27' title='bbox 1215 1110 1319 1178; x_wconf 87' lang='lat' dir='ltr'><strong>etiam</strong></span> 
     </span>
     <span class='ocr_line' id='line_1_5' title="bbox 227 1225 1319 1323; baseline -0.005 -25"><span class='ocrx_word' id='word_1_28' title='bbox 227 1230 318 1323; x_wconf 82' lang='lat' dir='ltr'><strong>apud</strong></span> <span class='ocrx_word' id='word_1_29' title='bbox 339 1229 565 1295; x_wconf 78' lang='lat' dir='ltr'><strong>Menandrum</strong></span> <span class='ocrx_word' id='word_1_30' title='bbox 583 1231 798 1321; x_wconf 73' lang='lat' dir='ltr'><strong>interroganti</strong></span> <span class='ocrx_word' id='word_1_31' title='bbox 812 1227 978 1295; x_wconf 87' lang='lat' dir='ltr'><strong>Nicobulo</strong></span> <span class='ocrx_word' id='word_1_32' title='bbox 993 1225 1205 1319; x_wconf 84' lang='lat' dir='ltr'><strong>respondere</strong></span> <span class='ocrx_word' id='word_1_33' title='bbox 1219 1252 1319 1292; x_wconf 89' lang='lat' dir='ltr'><strong>men-</strong></span> 
     </span>
    </p>
   </div>
   <div class='ocr_carea' id='block_1_3' title="bbox 229 1342 1319 1449">
    <p class='ocr_par' dir='ltr' id='par_1_3' title="bbox 229 1342 1319 1449">
     <span class='ocr_line' id='line_1_6' title="bbox 229 1342 1319 1449; baseline -0.002 -38"><span class='ocrx_word' id='word_1_34' title='bbox 229 1345 421 1449; x_wconf 69' lang='lat' dir='ltr'><strong>dacissimus</strong></span> <span class='ocrx_word' id='word_1_35' title='bbox 456 1370 570 1411; x_wconf 84' lang='lat' dir='ltr'><strong>servus</strong></span> <span class='ocrx_word' id='word_1_36' title='bbox 608 1346 775 1438; x_wconf 84' lang='lat' dir='ltr'><strong>potnerit:</strong></span> <span class='ocrx_word' id='word_1_37' title='bbox 820 1368 892 1409; x_wconf 87' lang='lat' dir='ltr'><strong>non</strong></span> <span class='ocrx_word' id='word_1_38' title='bbox 930 1342 1075 1437; x_wconf 64' lang='lat' dir='ltr'><strong>qrttdenr</strong></span> <span class='ocrx_word' id='word_1_39' title='bbox 1099 1342 1319 1433; x_wconf 78' lang='lat' dir='ltr'><strong>Megabyztts</strong></span> 
     </span>
    </p>
   </div>
   <div class='ocr_carea' id='block_1_4' title="bbox 141 1457 1324 4781">
    <p class='ocr_par' dir='ltr' id='par_1_4' title="bbox 141 1457 1324 4781">
     <span class='ocr_line' id='line_1_7' title="bbox 230 1457 1320 1554; baseline -0.003 -26"><span class='ocrx_word' id='word_1_40' title='bbox 230 1466 319 1554; x_wconf 77' lang='lat' dir='ltr'><strong>ipsc,</strong></span> <span class='ocrx_word' id='word_1_41' title='bbox 354 1460 417 1525; x_wconf 82' lang='lat' dir='ltr'><strong>sed</strong></span> <span class='ocrx_word' id='word_1_42' title='bbox 445 1485 532 1525; x_wconf 83' lang='lat' dir='ltr'><strong>sorte</strong></span> <span class='ocrx_word' id='word_1_43' title='bbox 566 1485 610 1526; x_wconf 74' lang='lat' dir='ltr'><strong>ex</strong></span> <span class='ocrx_word' id='word_1_44' title='bbox 643 1485 682 1525; x_wconf 88' lang='lat' dir='ltr'><strong>eo</strong></span> <span class='ocrx_word' id='word_1_45' title='bbox 714 1476 815 1525; x_wconf 85' lang='lat' dir='ltr'><strong>natus</strong></span> <span class='ocrx_word' id='word_1_46' title='bbox 840 1457 978 1552; x_wconf 80' lang='lat' dir='ltr'><strong>quidam</strong></span> <span class='ocrx_word' id='word_1_47' title='bbox 1003 1458 1217 1525; x_wconf 81' lang='lat' dir='ltr'><strong>Theotimus:</strong></span> <span class='ocrx_word' id='word_1_48' title='bbox 1241 1461 1320 1525; x_wconf 70' lang='lat' dir='ltr'><strong>..p</strong></span> 
     </span>
     <span class='ocr_line' id='line_1_8' title="bbox 228 1573 1318 1670; baseline 0.001 -29"><span class='ocrx_word' id='word_1_49' title='bbox 228 1577 343 1660; x_wconf 80' lang='lat' dir='ltr'><strong>Quid?</strong></span> <span class='ocrx_word' id='word_1_50' title='bbox 370 1575 462 1669; x_wconf 91' lang='lat' dir='ltr'><strong>quod</strong></span> <span class='ocrx_word' id='word_1_51' title='bbox 484 1577 645 1643; x_wconf 83' lang='lat' dir='ltr'><strong>rationem</strong></span> <span class='ocrx_word' id='word_1_52' title='bbox 672 1575 757 1642; x_wconf 90' lang='lat' dir='ltr'><strong>adeo</strong></span> <span class='ocrx_word' id='word_1_53' title='bbox 783 1576 976 1670; x_wconf 81' lang='lat' dir='ltr'><strong>perspicere</strong></span> <span class='ocrx_word' id='word_1_54' title='bbox 1002 1573 1101 1655; x_wconf 90' lang='lat' dir='ltr'><strong>licet,</strong></span> <span class='ocrx_word' id='word_1_55' title='bbox 1129 1600 1188 1640; x_wconf 87' lang='lat' dir='ltr'><strong>cur</strong></span> <span class='ocrx_word' id='word_1_56' title='bbox 1212 1601 1318 1667; x_wconf 89' lang='lat' dir='ltr'><strong>prae-</strong></span> 
     </span>
     <span class='ocr_line' id='line_1_9' title="bbox 226 1689 1317 1785; baseline -0.002 -26"><span class='ocrx_word' id='word_1_57' title='bbox 226 1697 358 1759; x_wconf 82' lang='lat' dir='ltr'><strong>missan&#39;i</strong></span> <span class='ocrx_word' id='word_1_58' title='bbox 401 1691 554 1785; x_wconf 77' lang='lat' dir='ltr'><strong>Chrysali</strong></span> <span class='ocrx_word' id='word_1_59' title='bbox 583 1689 783 1758; x_wconf 74' lang='lat' dir='ltr'><strong>*mendaciis</strong></span> <span class='ocrx_word' id='word_1_60' title='bbox 820 1689 976 1756; x_wconf 83' lang='lat' dir='ltr'><strong>Nicobuli</strong></span> <span class='ocrx_word' id='word_1_61' title='bbox 1019 1691 1317 1782; x_wconf 78' lang='lat' dir='ltr'><strong>interrogationem</strong></span> 
     </span>
     <span class='ocr_line' id='line_1_10' title="bbox 225 1805 1316 1901; baseline -0.002 -27"><span class='ocrx_word' id='word_1_62' title='bbox 225 1807 361 1874; x_wconf 89' lang='lat' dir='ltr'><strong>Plautus</strong></span> <span class='ocrx_word' id='word_1_63' title='bbox 384 1807 562 1874; x_wconf 70' lang='lat' dir='ltr'><strong>sustuleris</strong></span> <span class='ocrx_word' id='word_1_64' title='bbox 612 1808 765 1899; x_wconf 80' lang='lat' dir='ltr'><strong>Namque</strong></span> <span class='ocrx_word' id='word_1_65' title='bbox 799 1807 857 1901; x_wconf 89' lang='lat' dir='ltr'><strong>qni</strong></span> <span class='ocrx_word' id='word_1_66' title='bbox 883 1807 1024 1872; x_wconf 90' lang='lat' dir='ltr'><strong>Graecis</strong></span> <span class='ocrx_word' id='word_1_67' title='bbox 1049 1805 1230 1871; x_wconf 84' lang='lat' dir='ltr'><strong>Menandri</strong></span> <span class='ocrx_word' id='word_1_68' title='bbox 1259 1831 1316 1872; x_wconf 89' lang='lat' dir='ltr'><strong>ae·</strong></span> 
     </span>
     <span class='ocr_line' id='line_1_11' title="bbox 163 1919 1316 2031; baseline -0.001 -43"><span class='ocrx_word' id='word_1_69' title='bbox 163 1934 189 2031; x_wconf 70' lang='lat' dir='ltr'><em>s</em></span> <span class='ocrx_word' id='word_1_70' title='bbox 227 1939 292 1988; x_wconf 88' lang='lat' dir='ltr'><strong>tate</strong></span> <span class='ocrx_word' id='word_1_71' title='bbox 323 1923 484 1988; x_wconf 84' lang='lat' dir='ltr'><strong>notissimi</strong></span> <span class='ocrx_word' id='word_1_72' title='bbox 519 1922 651 1988; x_wconf 84' lang='lat' dir='ltr'><strong>luerunt</strong></span> <span class='ocrx_word' id='word_1_73' title='bbox 682 1921 858 2014; x_wconf 76' lang='lat' dir='ltr'><strong>Megabyzi</strong></span> <span class='ocrx_word' id='word_1_74' title='bbox 889 1921 957 1987; x_wconf 86' lang='lat' dir='ltr'><strong>sive</strong></span> <span class='ocrx_word' id='word_1_75' title='bbox 992 1919 1114 1985; x_wconf 87' lang='lat' dir='ltr'><strong>aeditui</strong></span> <span class='ocrx_word' id='word_1_76' title='bbox 1149 1920 1316 2014; x_wconf 82' lang='lat' dir='ltr'><strong>Ephesiae</strong></span> 
     </span>
     <span class='ocr_line' id='line_1_12' title="bbox 170 2034 1314 2131; baseline -0.003 -27"><span class='ocrx_word' id='word_1_77' title='bbox 170 2034 178 2125; x_wconf 73' lang='lat' dir='ltr'><strong>l</strong></span> <span class='ocrx_word' id='word_1_78' title='bbox 226 2041 371 2131; x_wconf 71' lang='lat' dir='ltr'><strong>Dianae,</strong></span> <span class='ocrx_word' id='word_1_79' title='bbox 405 2062 473 2104; x_wconf 91' lang='lat' dir='ltr'><strong>non</strong></span> <span class='ocrx_word' id='word_1_80' title='bbox 499 2040 577 2104; x_wconf 84' lang='lat' dir='ltr'><strong>item</strong></span> <span class='ocrx_word' id='word_1_81' title='bbox 603 2037 768 2104; x_wconf 79' lang='lat' dir='ltr'><strong>credibile</strong></span> <span class='ocrx_word' id='word_1_82' title='bbox 798 2056 848 2103; x_wconf 90' lang='lat' dir='ltr'><strong>est</strong></span> <span class='ocrx_word' id='word_1_83' title='bbox 879 2037 966 2103; x_wconf 90' lang='lat' dir='ltr'><strong>inter</strong></span> <span class='ocrx_word' id='word_1_84' title='bbox 991 2035 1155 2103; x_wconf 84' lang='lat' dir='ltr'><strong>Romanos</strong></span> <span class='ocrx_word' id='word_1_85' title='bbox 1187 2055 1251 2103; x_wconf 89' lang='lat' dir='ltr'><strong>tam</strong></span> <span class='ocrx_word' id='word_1_86' title='bbox 1278 2037 1314 2101; x_wconf 91' lang='lat' dir='ltr'><strong>in</strong></span> 
     </span>
     <span class='ocr_line' id='line_1_13' title="bbox 228 2135 1316 2246; baseline -0.003 -25.202"><span class='ocrx_word' id='word_1_87' title='bbox 228 2152 344 2245; x_wconf 82' lang='lat' dir='ltr'><strong>vulgus</strong></span> <span class='ocrx_word' id='word_1_88' title='bbox 369 2171 465 2219; x_wconf 87' lang='lat' dir='ltr'><strong>notos</strong></span> <span class='ocrx_word' id='word_1_89' title='bbox 492 2153 605 2232; x_wconf 84' lang='lat' dir='ltr'><strong>luisse,</strong></span> <span class='ocrx_word' id='word_1_90' title='bbox 630 2169 672 2231; x_wconf 87' lang='lat' dir='ltr'><strong>ut,</strong></span> <span class='ocrx_word' id='word_1_91' title='bbox 700 2155 758 2244; x_wconf 88' lang='lat' dir='ltr'><strong>qni</strong></span> <span class='ocrx_word' id='word_1_92' title='bbox 784 2151 828 2219; x_wconf 89' lang='lat' dir='ltr'><strong>de</strong></span> <span class='ocrx_word' id='word_1_93' title='bbox 852 2153 1016 2244; x_wconf 88' lang='lat' dir='ltr'><strong>pecuniae</strong></span> <span class='ocrx_word' id='word_1_94' title='bbox 1042 2151 1132 2246; x_wconf 88' lang='lat' dir='ltr'><strong>apud</strong></span> <span class='ocrx_word' id='word_1_95' title='bbox 1150 2135 1316 2243; x_wconf 84' lang='lat' dir='ltr'><strong>Ephesius</strong></span> 
     </span>
     <span class='ocr_line' id='line_1_14' title="bbox 226 2258 1316 2359; baseline -0.001 -27.05"><span class='ocrx_word' id='word_1_96' title='bbox 226 2266 379 2358; x_wconf 86' lang='lat' dir='ltr'><strong>periculo</strong></span> <span class='ocrx_word' id='word_1_97' title='bbox 406 2267 548 2347; x_wconf 86' lang='lat' dir='ltr'><strong>audiret,</strong></span> <span class='ocrx_word' id='word_1_98' title='bbox 575 2267 657 2334; x_wconf 91' lang='lat' dir='ltr'><strong>nihil</strong></span> <span class='ocrx_word' id='word_1_99' title='bbox 684 2268 714 2332; x_wconf 89' lang='lat' dir='ltr'><strong>ei</strong></span> <span class='ocrx_word' id='word_1_100' title='bbox 741 2268 834 2334; x_wconf 85' lang='lat' dir='ltr'><strong>citius</strong></span> <span class='ocrx_word' id='word_1_101' title='bbox 857 2292 955 2358; x_wconf 88' lang='lat' dir='ltr'><strong>qnam</strong></span> <span class='ocrx_word' id='word_1_102' title='bbox 975 2268 1230 2359; x_wconf 84' lang='lat' dir='ltr'><strong>Megabyzorum</strong></span> <span class='ocrx_word' id='word_1_103' title='bbox 1258 2258 1316 2331; x_wconf 81' lang='lat' dir='ltr'><strong>re-</strong></span> 
     </span>
     <span class='ocr_line' id='line_1_15' title="bbox 141 2346 1316 2475; baseline -0.002 -28"><span class='ocrx_word' id='word_1_104' title='bbox 141 2346 151 2425; x_wconf 76' lang='lat' dir='ltr'><strong>l</strong></span> <span class='ocrx_word' id='word_1_105' title='bbox 228 2381 377 2449; x_wconf 88' lang='lat' dir='ltr'><strong>cordatio</strong></span> <span class='ocrx_word' id='word_1_106' title='bbox 404 2398 623 2447; x_wconf 84' lang='lat' dir='ltr'><strong>succurreret.</strong></span> <span class='ocrx_word' id='word_1_107' title='bbox 657 2375 711 2460; x_wconf 69' lang='lat' dir='ltr'><strong>Aa,</strong></span> <span class='ocrx_word' id='word_1_108' title='bbox 738 2382 855 2475; x_wconf 89' lang='lat' dir='ltr'><strong>inquit,</strong></span> <span class='ocrx_word' id='word_1_109' title='bbox 879 2383 957 2446; x_wconf 88' lang='lat' dir='ltr'><strong>istos</strong></span> <span class='ocrx_word' id='word_1_110' title='bbox 985 2382 1186 2474; x_wconf 82' lang='lat' dir='ltr'><strong>Megabyzos</strong></span> <span class='ocrx_word' id='word_1_111' title='bbox 1209 2405 1316 2446; x_wconf 90' lang='lat' dir='ltr'><strong>eunu-</strong></span> 
     </span>
     <span class='ocr_line' id='line_1_16' title="bbox 229 2493 1316 2588; baseline -0.002 -25"><span class='ocrx_word' id='word_1_112' title='bbox 229 2497 309 2563; x_wconf 87' lang='lat' dir='ltr'><strong>chos</strong></span> <span class='ocrx_word' id='word_1_113' title='bbox 335 2496 559 2588; x_wconf 83' lang='lat' dir='ltr'><strong>prodiderunt</strong></span> <span class='ocrx_word' id='word_1_114' title='bbox 585 2497 704 2564; x_wconf 89' lang='lat' dir='ltr'><strong>Strabo</strong></span> <span class='ocrx_word' id='word_1_115' title='bbox 727 2497 826 2575; x_wconf 85' lang='lat' dir='ltr'><strong>XlV,</strong></span> <span class='ocrx_word' id='word_1_116' title='bbox 849 2522 882 2587; x_wconf 90' lang='lat' dir='ltr'><strong>p.</strong></span> <span class='ocrx_word' id='word_1_117' title='bbox 912 2493 979 2562; x_wconf 75' lang='grc'><strong>641</strong></span> <span class='ocrx_word' id='word_1_118' title='bbox 1010 2496 1097 2583; x_wconf 79' lang='grc'>(950</span> <span class='ocrx_word' id='word_1_119' title='bbox 1123 2494 1164 2578; x_wconf 88' lang='lat' dir='ltr'><strong>a.)</strong></span> <span class='ocrx_word' id='word_1_120' title='bbox 1200 2514 1250 2575; x_wconf 91' lang='lat' dir='ltr'><strong>et,</strong></span> <span class='ocrx_word' id='word_1_121' title='bbox 1287 2498 1316 2562; x_wconf 91' lang='lat' dir='ltr'><strong>si</strong></span> 
     </span>
     <span class='ocr_line' id='line_1_17' title="bbox 230 2610 1316 2703; baseline 0 -28"><span class='ocrx_word' id='word_1_122' title='bbox 230 2610 281 2675; x_wconf 90' lang='lat' dir='ltr'><strong>dis</strong></span> <span class='ocrx_word' id='word_1_123' title='bbox 310 2611 437 2702; x_wconf 87' lang='lat' dir='ltr'><strong>placet,</strong></span> <span class='ocrx_word' id='word_1_124' title='bbox 471 2612 654 2678; x_wconf 84' lang='lat' dir='ltr'><strong>Heraclitus</strong></span> <span class='ocrx_word' id='word_1_125' title='bbox 689 2610 836 2703; x_wconf 84' lang='lat' dir='ltr'><strong>Epistola</strong></span> <span class='ocrx_word' id='word_1_126' title='bbox 871 2610 913 2675; x_wconf 90' lang='lat' dir='ltr'><strong>ad</strong></span> <span class='ocrx_word' id='word_1_127' title='bbox 947 2610 1195 2678; x_wconf 87' lang='lat' dir='ltr'><strong>Hermodorum</strong></span> <span class='ocrx_word' id='word_1_128' title='bbox 1222 2610 1316 2703; x_wconf 88' lang='lat' dir='ltr'><strong>apud</strong></span> 
     </span>
     <span class='ocr_line' id='line_1_18' title="bbox 232 2725 1318 2818; baseline -0.001 -26"><span class='ocrx_word' id='word_1_129' title='bbox 232 2726 429 2794; x_wconf 80' lang='lat' dir='ltr'><strong>Politianum</strong></span> <span class='ocrx_word' id='word_1_130' title='bbox 454 2727 642 2796; x_wconf 87' lang='lat' dir='ltr'><strong>Miscellan.</strong></span> <span class='ocrx_word' id='word_1_131' title='bbox 677 2752 750 2818; x_wconf 84' lang='lat' dir='ltr'><strong>cap.</strong></span> <span class='ocrx_word' id='word_1_132' title='bbox 777 2729 834 2793; x_wconf 85' lang='grc'><strong>51.</strong></span> <span class='ocrx_word' id='word_1_133' title='bbox 884 2727 967 2790; x_wconf 91' lang='lat' dir='ltr'><strong>Nam</strong></span> <span class='ocrx_word' id='word_1_134' title='bbox 1004 2751 1082 2792; x_wconf 87' lang='lat' dir='ltr'><strong>sanc</strong></span> <span class='ocrx_word' id='word_1_135' title='bbox 1120 2725 1209 2818; x_wconf 88' lang='lat' dir='ltr'><strong>apud</strong></span> <span class='ocrx_word' id='word_1_136' title='bbox 1235 2725 1318 2792; x_wconf 86' lang='lat' dir='ltr'><strong>reli-</strong></span> 
     </span>
     <span class='ocr_line' id='line_1_19' title="bbox 230 2840 1317 2934; baseline -0.001 -26"><span class='ocrx_word' id='word_1_137' title='bbox 230 2867 313 2934; x_wconf 89' lang='lat' dir='ltr'><strong>quos</strong></span> <span class='ocrx_word' id='word_1_138' title='bbox 340 2845 522 2934; x_wconf 88' lang='lat' dir='ltr'><strong>scriptores</strong></span> <span class='ocrx_word' id='word_1_139' title='bbox 551 2868 651 2934; x_wconf 87' lang='lat' dir='ltr'><strong>supra</strong></span> <span class='ocrx_word' id='word_1_140' title='bbox 677 2859 876 2911; x_wconf 84' lang='lat' dir='ltr'><strong>memoratos</strong></span> <span class='ocrx_word' id='word_1_141' title='bbox 898 2840 982 2905; x_wconf 86' lang='lat' dir='ltr'><strong>nihil</strong></span> <span class='ocrx_word' id='word_1_142' title='bbox 1015 2840 1175 2906; x_wconf 90' lang='lat' dir='ltr'><strong>eiusmodi</strong></span> <span class='ocrx_word' id='word_1_143' title='bbox 1202 2859 1317 2907; x_wconf 77' lang='lat' dir='ltr'><strong>exstat.</strong></span> 
     </span>
     <span class='ocr_line' id='line_1_20' title="bbox 231 2956 1320 3049; baseline -0.002 -27"><span class='ocrx_word' id='word_1_144' title='bbox 231 2959 337 3033; x_wconf 85' lang='lat' dir='ltr'><strong>Mitto,</strong></span> <span class='ocrx_word' id='word_1_145' title='bbox 363 2959 484 3047; x_wconf 84' lang='lat' dir='ltr'><strong>quibus</strong></span> <span class='ocrx_word' id='word_1_146' title='bbox 507 2960 640 3049; x_wconf 84' lang='lat' dir='ltr'><strong>argutiis</strong></span> <span class='ocrx_word' id='word_1_147' title='bbox 659 2959 800 3024; x_wconf 87' lang='lat' dir='ltr'><strong>Meursii</strong></span> <span class='ocrx_word' id='word_1_148' title='bbox 825 2959 965 3048; x_wconf 88' lang='lat' dir='ltr'><strong>ineptias</strong></span> <span class='ocrx_word' id='word_1_149' title='bbox 993 2956 1121 3022; x_wconf 87' lang='lat' dir='ltr'><strong>diluere</strong></span> <span class='ocrx_word' id='word_1_150' title='bbox 1143 2957 1320 3021; x_wconf 82' lang='lat' dir='ltr'><strong>llemstcn-</strong></span> 
     </span>
     <span class='ocr_line' id='line_1_21' title="bbox 231 3072 1318 3150; baseline 0.002 -14"><span class='ocrx_word' id='word_1_151' title='bbox 231 3072 343 3138; x_wconf 86' lang='lat' dir='ltr'><strong>husius</strong></span> <span class='ocrx_word' id='word_1_152' title='bbox 367 3073 521 3150; x_wconf 87' lang='lat' dir='ltr'><strong>instituit,</strong></span> <span class='ocrx_word' id='word_1_153' title='bbox 554 3074 648 3139; x_wconf 88' lang='lat' dir='ltr'><strong>mitto</strong></span> <span class='ocrx_word' id='word_1_154' title='bbox 682 3072 942 3138; x_wconf 80' lang='lat' dir='ltr'><strong>infelicissimam</strong></span> <span class='ocrx_word' id='word_1_155' title='bbox 970 3072 1065 3136; x_wconf 91' lang='lat' dir='ltr'><strong>huius</strong></span> <span class='ocrx_word' id='word_1_156' title='bbox 1092 3073 1318 3138; x_wconf 88' lang='lat' dir='ltr'><strong>coniecturam</strong></span> 
     </span>
     <span class='ocr_line' id='line_1_22' title="bbox 231 3185 1319 3279; baseline -0.003 -27"><span class='ocrx_word' id='word_1_157' title='bbox 231 3187 383 3253; x_wconf 89' lang='lat' dir='ltr'><strong>Plautino</strong></span> <span class='ocrx_word' id='word_1_158' title='bbox 405 3189 515 3253; x_wconf 87' lang='lat' dir='ltr'><strong>versui</strong></span> <span class='ocrx_word' id='word_1_159' title='bbox 534 3187 733 3254; x_wconf 84' lang='lat' dir='ltr'><strong>adhibitam:</strong></span> <span class='ocrx_word' id='word_1_160' title='bbox 761 3185 1011 3275; x_wconf 78' lang='lat' dir='ltr'><strong>Megalobyzns</strong></span> <span class='ocrx_word' id='word_1_161' title='bbox 1025 3185 1148 3279; x_wconf 83' lang='lat' dir='ltr'><strong>fidius.</strong></span> <span class='ocrx_word' id='word_1_162' title='bbox 1174 3188 1319 3253; x_wconf 85' lang='lat' dir='ltr'><strong>Verum-</strong></span> 
     </span>
     <span class='ocr_line' id='line_1_23' title="bbox 234 3301 1319 3396; baseline -0.002 -28"><span class='ocrx_word' id='word_1_163' title='bbox 234 3305 404 3369; x_wconf 84' lang='lat' dir='ltr'><strong>enimvero</strong></span> <span class='ocrx_word' id='word_1_164' title='bbox 441 3302 482 3368; x_wconf 86' lang='lat' dir='ltr'><strong>atl</strong></span> <span class='ocrx_word' id='word_1_165' title='bbox 509 3301 660 3368; x_wconf 83' lang='lat' dir='ltr'><strong>Plantam</strong></span> <span class='ocrx_word' id='word_1_166' title='bbox 696 3301 833 3395; x_wconf 89' lang='lat' dir='ltr'><strong>quidem</strong></span> <span class='ocrx_word' id='word_1_167' title='bbox 862 3304 1001 3396; x_wconf 90' lang='lat' dir='ltr'><strong>eiusque</strong></span> <span class='ocrx_word' id='word_1_168' title='bbox 1027 3301 1211 3367; x_wconf 89' lang='lat' dir='ltr'><strong>fabularum</strong></span> <span class='ocrx_word' id='word_1_169' title='bbox 1239 3327 1319 3393; x_wconf 88' lang='lat' dir='ltr'><strong>spe·</strong></span> 
     </span>
     <span class='ocr_line' id='line_1_24' title="bbox 233 3416 1319 3507; baseline 0 -26"><span class='ocrx_word' id='word_1_170' title='bbox 233 3434 377 3482; x_wconf 78' lang='lat' dir='ltr'><strong>statores</strong></span> <span class='ocrx_word' id='word_1_171' title='bbox 419 3417 501 3507; x_wconf 85' lang='lat' dir='ltr'><strong>quid</strong></span> <span class='ocrx_word' id='word_1_172' title='bbox 536 3416 671 3482; x_wconf 86' lang='lat' dir='ltr'><strong>tandem</strong></span> <span class='ocrx_word' id='word_1_173' title='bbox 708 3417 884 3495; x_wconf 85' lang='lat' dir='ltr'><strong>attinebat,</strong></span> <span class='ocrx_word' id='word_1_174' title='bbox 922 3434 1073 3483; x_wconf 88' lang='lat' dir='ltr'><strong>accurate</strong></span> <span class='ocrx_word' id='word_1_175' title='bbox 1101 3417 1319 3483; x_wconf 83' lang='lat' dir='ltr'><strong>condiciones</strong></span> 
     </span>
     <span class='ocr_line' id='line_1_25' title="bbox 232 3530 1319 3626; baseline 0.002 -32"><span class='ocrx_word' id='word_1_176' title='bbox 232 3546 345 3595; x_wconf 89' lang='lat' dir='ltr'><strong>tencre</strong></span> <span class='ocrx_word' id='word_1_177' title='bbox 372 3530 460 3597; x_wconf 89' lang='lat' dir='ltr'><strong>illius</strong></span> <span class='ocrx_word' id='word_1_178' title='bbox 483 3530 678 3598; x_wconf 75' lang='lat' dir='ltr'><strong>sacerdotii?</strong></span> <span class='ocrx_word' id='word_1_179' title='bbox 728 3537 815 3616; x_wconf 88' lang='lat' dir='ltr'><strong>Quas</strong></span> <span class='ocrx_word' id='word_1_180' title='bbox 852 3552 887 3598; x_wconf 90' lang='lat' dir='ltr'><strong>nt</strong></span> <span class='ocrx_word' id='word_1_181' title='bbox 914 3532 1037 3626; x_wconf 82' lang='lat' dir='ltr'><strong>largiar</strong></span> <span class='ocrx_word' id='word_1_182' title='bbox 1061 3532 1241 3599; x_wconf 85' lang='lat' dir='ltr'><strong>Menandri</strong></span> <span class='ocrx_word' id='word_1_183' title='bbox 1263 3557 1319 3596; x_wconf 83' lang='lat' dir='ltr'><strong>ae-</strong></span> 
     </span>
     <span class='ocr_line' id='line_1_26' title="bbox 233 3645 1320 3742; baseline 0.003 -33"><span class='ocrx_word' id='word_1_184' title='bbox 233 3645 386 3737; x_wconf 84' lang='lat' dir='ltr'><strong>qualibus</strong></span> <span class='ocrx_word' id='word_1_185' title='bbox 413 3672 480 3712; x_wconf 92' lang='lat' dir='ltr'><strong>non</strong></span> <span class='ocrx_word' id='word_1_186' title='bbox 507 3648 653 3739; x_wconf 81' lang='lat' dir='ltr'><strong>potuisse</strong></span> <span class='ocrx_word' id='word_1_187' title='bbox 680 3650 807 3742; x_wconf 85' lang='lat' dir='ltr'><strong>ignotas</strong></span> <span class='ocrx_word' id='word_1_188' title='bbox 836 3673 920 3726; x_wconf 90' lang='lat' dir='ltr'><strong>esse,</strong></span> <span class='ocrx_word' id='word_1_189' title='bbox 948 3667 1053 3714; x_wconf 89' lang='lat' dir='ltr'><strong>tamen</strong></span> <span class='ocrx_word' id='word_1_190' title='bbox 1081 3648 1134 3714; x_wconf 90' lang='lat' dir='ltr'><strong>vel</strong></span> <span class='ocrx_word' id='word_1_191' title='bbox 1162 3649 1217 3713; x_wconf 90' lang='lat' dir='ltr'><strong>hic</strong></span> <span class='ocrx_word' id='word_1_192' title='bbox 1242 3647 1320 3737; x_wconf 85' lang='lat' dir='ltr'><strong>ipse</strong></span> 
     </span>
     <span class='ocr_line' id='line_1_27' title="bbox 232 3763 1319 3855; baseline 0.001 -29"><span class='ocrx_word' id='word_1_193' title='bbox 232 3778 358 3827; x_wconf 84' lang='lat' dir='ltr'><strong>tantum</strong></span> <span class='ocrx_word' id='word_1_194' title='bbox 385 3764 478 3827; x_wconf 85' lang='lat' dir='ltr'><strong>abest</strong></span> <span class='ocrx_word' id='word_1_195' title='bbox 502 3782 538 3829; x_wconf 84' lang='lat' dir='ltr'><strong>ut</strong></span> <span class='ocrx_word' id='word_1_196' title='bbox 564 3787 633 3829; x_wconf 91' lang='lat' dir='ltr'><strong>non</strong></span> <span class='ocrx_word' id='word_1_197' title='bbox 664 3766 811 3855; x_wconf 88' lang='lat' dir='ltr'><strong>potuerit</strong></span> <span class='ocrx_word' id='word_1_198' title='bbox 839 3763 1007 3830; x_wconf 87' lang='lat' dir='ltr'><strong>Plautinae</strong></span> <span class='ocrx_word' id='word_1_199' title='bbox 1040 3789 1159 3829; x_wconf 88' lang='lat' dir='ltr'><strong>scenae</strong></span> <span class='ocrx_word' id='word_1_200' title='bbox 1195 3788 1319 3828; x_wconf 83' lang='lat' dir='ltr'><strong>conve-</strong></span> 
     </span>
     <span class='ocr_line' id='line_1_28' title="bbox 232 3878 1320 3957; baseline -0.001 -15"><span class='ocrx_word' id='word_1_201' title='bbox 232 3878 367 3943; x_wconf 87' lang='lat' dir='ltr'><strong>nienter</strong></span> <span class='ocrx_word' id='word_1_202' title='bbox 392 3902 463 3943; x_wconf 88' lang='lat' dir='ltr'><strong>rem</strong></span> <span class='ocrx_word' id='word_1_203' title='bbox 488 3879 671 3957; x_wconf 88' lang='lat' dir='ltr'><strong>instituere,</strong></span> <span class='ocrx_word' id='word_1_204' title='bbox 698 3879 780 3944; x_wconf 90' lang='lat' dir='ltr'><strong>nihil</strong></span> <span class='ocrx_word' id='word_1_205' title='bbox 809 3899 843 3946; x_wconf 92' lang='lat' dir='ltr'><strong>ut</strong></span> <span class='ocrx_word' id='word_1_206' title='bbox 867 3880 954 3945; x_wconf 86' lang='lat' dir='ltr'><strong>lactu</strong></span> <span class='ocrx_word' id='word_1_207' title='bbox 981 3880 1080 3945; x_wconf 90' lang='lat' dir='ltr'><strong>fuerit</strong></span> <span class='ocrx_word' id='word_1_208' title='bbox 1102 3879 1320 3948; x_wconf 76' lang='lat' dir='ltr'><strong>commodius.</strong></span> 
     </span>
     <span class='ocr_line' id='line_1_29' title="bbox 235 3991 1322 4086; baseline -0.002 -30"><span class='ocrx_word' id='word_1_209' title='bbox 235 3991 368 4084; x_wconf 85' lang='lat' dir='ltr'><strong>Ecquid</strong></span> <span class='ocrx_word' id='word_1_210' title='bbox 392 3996 479 4058; x_wconf 90' lang='lat' dir='ltr'><strong>enim</strong></span> <span class='ocrx_word' id='word_1_211' title='bbox 506 3995 655 4072; x_wconf 76' lang='lat' dir='ltr'><strong>facetius,</strong></span> <span class='ocrx_word' id='word_1_212' title='bbox 683 4020 779 4085; x_wconf 87' lang='lat' dir='ltr'><strong>qnam</strong></span> <span class='ocrx_word' id='word_1_213' title='bbox 805 3997 996 4086; x_wconf 88' lang='lat' dir='ltr'><strong>improbum</strong></span> <span class='ocrx_word' id='word_1_214' title='bbox 1020 4019 1153 4074; x_wconf 86' lang='lat' dir='ltr'><strong>servum</strong></span> <span class='ocrx_word' id='word_1_215' title='bbox 1177 3993 1257 4058; x_wconf 81' lang='lat' dir='ltr'><strong>litlei</strong></span> <span class='ocrx_word' id='word_1_216' title='bbox 1274 3992 1322 4055; x_wconf 86' lang='lat' dir='ltr'><strong>la-</strong></span> 
     </span>
     <span class='ocr_line' id='line_1_30' title="bbox 234 4105 1321 4201; baseline 0.003 -30"><span class='ocrx_word' id='word_1_217' title='bbox 234 4105 371 4172; x_wconf 88' lang='lat' dir='ltr'><strong>ciendae</strong></span> <span class='ocrx_word' id='word_1_218' title='bbox 398 4133 509 4174; x_wconf 87' lang='lat' dir='ltr'><strong>caussa</strong></span> <span class='ocrx_word' id='word_1_219' title='bbox 536 4111 679 4200; x_wconf 83' lang='lat' dir='ltr'><strong>primunr</strong></span> <span class='ocrx_word' id='word_1_220' title='bbox 705 4135 844 4200; x_wconf 86' lang='lat' dir='ltr'><strong>negare,</strong></span> <span class='ocrx_word' id='word_1_221' title='bbox 879 4110 923 4176; x_wconf 91' lang='lat' dir='ltr'><strong>de</strong></span> <span class='ocrx_word' id='word_1_222' title='bbox 960 4135 1026 4200; x_wconf 91' lang='lat' dir='ltr'><strong>quo</strong></span> <span class='ocrx_word' id='word_1_223' title='bbox 1054 4111 1241 4201; x_wconf 84' lang='lat' dir='ltr'><strong>quaesierat</strong></span> <span class='ocrx_word' id='word_1_224' title='bbox 1267 4133 1321 4174; x_wconf 89' lang='lat' dir='ltr'><strong>sc-</strong></span> 
     </span>
     <span class='ocr_line' id='line_1_31' title="bbox 233 4222 1324 4316; baseline 0 -27"><span class='ocrx_word' id='word_1_225' title='bbox 233 4247 307 4301; x_wconf 82' lang='lat' dir='ltr'><strong>nex,</strong></span> <span class='ocrx_word' id='word_1_226' title='bbox 330 4222 549 4315; x_wconf 76' lang='lat' dir='ltr'><strong>Megabyzum</strong></span> <span class='ocrx_word' id='word_1_227' title='bbox 577 4224 722 4316; x_wconf 89' lang='lat' dir='ltr'><strong>aliquem</strong></span> <span class='ocrx_word' id='word_1_228' title='bbox 749 4227 858 4301; x_wconf 88' lang='lat' dir='ltr'><strong>luisse,</strong></span> <span class='ocrx_word' id='word_1_229' title='bbox 883 4228 1039 4291; x_wconf 91' lang='lat' dir='ltr'><strong>continuo</strong></span> <span class='ocrx_word' id='word_1_230' title='bbox 1066 4241 1173 4288; x_wconf 86' lang='lat' dir='ltr'><strong>antem</strong></span> <span class='ocrx_word' id='word_1_231' title='bbox 1200 4223 1242 4287; x_wconf 86' lang='lat' dir='ltr'><strong>ad</strong></span> <span class='ocrx_word' id='word_1_232' title='bbox 1268 4250 1324 4289; x_wconf 84' lang='lat' dir='ltr'><strong>cn-</strong></span> 
     </span>
     <span class='ocr_line' id='line_1_32' title="bbox 237 4337 1321 4432; baseline 0.002 -30"><span class='ocrx_word' id='word_1_233' title='bbox 237 4337 394 4428; x_wconf 83' lang='lat' dir='ltr'><strong>ptandam</strong></span> <span class='ocrx_word' id='word_1_234' title='bbox 410 4341 551 4406; x_wconf 85' lang='lat' dir='ltr'><strong>veritatis</strong></span> <span class='ocrx_word' id='word_1_235' title='bbox 571 4341 719 4431; x_wconf 87' lang='lat' dir='ltr'><strong>speeiem</strong></span> <span class='ocrx_word' id='word_1_236' title='bbox 742 4338 908 4432; x_wconf 85' lang='lat' dir='ltr'><strong>quandam</strong></span> <span class='ocrx_word' id='word_1_237' title='bbox 932 4339 1085 4432; x_wconf 89' lang='lat' dir='ltr'><strong>cupidius</strong></span> <span class='ocrx_word' id='word_1_238' title='bbox 1107 4341 1229 4404; x_wconf 84' lang='lat' dir='ltr'><strong>iactare</strong></span> <span class='ocrx_word' id='word_1_239' title='bbox 1247 4343 1321 4404; x_wconf 89' lang='lat' dir='ltr'><strong>Mc-</strong></span> 
     </span>
     <span class='ocr_line' id='line_1_33' title="bbox 233 4453 1322 4547; baseline 0.004 -32"><span class='ocrx_word' id='word_1_240' title='bbox 233 4453 349 4546; x_wconf 80' lang='lat' dir='ltr'><strong>gabyzi</strong></span> <span class='ocrx_word' id='word_1_241' title='bbox 368 4453 497 4518; x_wconf 75' lang='lat' dir='ltr'><strong>lilium?</strong></span> <span class='ocrx_word' id='word_1_242' title='bbox 528 4456 604 4537; x_wconf 83' lang='lat' dir='ltr'><strong>Quo</strong></span> <span class='ocrx_word' id='word_1_243' title='bbox 633 4457 838 4547; x_wconf 86' lang='lat' dir='ltr'><strong>apertissimo</strong></span> <span class='ocrx_word' id='word_1_244' title='bbox 861 4456 1035 4523; x_wconf 88' lang='lat' dir='ltr'><strong>mendacin</strong></span> <span class='ocrx_word' id='word_1_245' title='bbox 1063 4481 1098 4521; x_wconf 85' lang='lat' dir='ltr'><strong>se</strong></span> <span class='ocrx_word' id='word_1_246' title='bbox 1123 4457 1197 4546; x_wconf 88' lang='lat' dir='ltr'><strong>ipse</strong></span> <span class='ocrx_word' id='word_1_247' title='bbox 1226 4479 1322 4520; x_wconf 86' lang='lat' dir='ltr'><strong>coar-</strong></span> 
     </span>
     <span class='ocr_line' id='line_1_34' title="bbox 235 4566 1322 4663; baseline 0 -30"><span class='ocrx_word' id='word_1_248' title='bbox 235 4591 337 4657; x_wconf 81' lang='lat' dir='ltr'><strong>guere</strong></span> <span class='ocrx_word' id='word_1_249' title='bbox 359 4566 609 4661; x_wconf 85' lang='lat' dir='ltr'><strong>ridendumque</strong></span> <span class='ocrx_word' id='word_1_250' title='bbox 637 4572 801 4662; x_wconf 83' lang='lat' dir='ltr'><strong>praebere</strong></span> <span class='ocrx_word' id='word_1_251' title='bbox 827 4571 866 4637; x_wconf 89' lang='lat' dir='ltr'><strong>iis</strong></span> <span class='ocrx_word' id='word_1_252' title='bbox 893 4573 1132 4663; x_wconf 86' lang='lat' dir='ltr'><strong>spectatoribus</strong></span> <span class='ocrx_word' id='word_1_253' title='bbox 1156 4568 1322 4661; x_wconf 84' lang='lat' dir='ltr'><strong>putandus</strong></span> 
     </span>
     <span class='ocr_line' id='line_1_35' title="bbox 236 4686 1324 4781; baseline 0.008 -37"><span class='ocrx_word' id='word_1_254' title='bbox 236 4697 300 4762; x_wconf 81' lang='lat' dir='ltr'><strong>est,</strong></span> <span class='ocrx_word' id='word_1_255' title='bbox 333 4706 416 4776; x_wconf 85' lang='lat' dir='ltr'><strong>quos</strong></span> <span class='ocrx_word' id='word_1_256' title='bbox 445 4686 706 4781; x_wconf 80' lang='lat' dir='ltr'><strong>Megabyzorum</strong></span> <span class='ocrx_word' id='word_1_257' title='bbox 740 4687 963 4781; x_wconf 87' lang='lat' dir='ltr'><strong>Ephesiorum</strong></span> <span class='ocrx_word' id='word_1_258' title='bbox 990 4686 1223 4756; x_wconf 85' lang='lat' dir='ltr'><strong>condicionem</strong></span> <span class='ocrx_word' id='word_1_259' title='bbox 1250 4704 1324 4753; x_wconf 85' lang='lat' dir='ltr'><strong>tan-</strong></span> 
     </span>
    </p>
   </div>
   <div class='ocr_carea' id='block_1_5' title="bbox 0 0 1423 5332">
    <p class='ocr_par' dir='ltr' id='par_1_5' title="bbox 0 0 1423 5332">
     <span class='ocr_line' id='line_1_36' title="bbox 0 0 1423 5332; baseline 0 0"><span class='ocrx_word' id='word_1_260' title='bbox 0 0 1423 5332; x_wconf 95' lang='lat' dir='ltr'><strong> </strong></span> 
     </span>
    </p>
   </div>
  </div>
 </body>
</html>
