2820 5332
386 775 404 818 t.
435 774 476 819 ut
503 774 618 818 rntvrt
647 775 775 818 roerte
803 757 988 821 routatavs.
1188 755 1234 822 35

224 940 286 1032 1-
316 979 364 994 -
392 979 439 993 —-
476 946 563 1003 Ptotot
583 944 732 1034 appellant]
759 943 879 1014 Vmbri
933 943 1074 1036 pedibus
1122 947 1237 1038 planis

227 1053 327 1148 [aaut.
352 1067 413 1120 htue
431 1068 517 1122 sotem
536 1071 678 1123 dimidiatas
698 1055 828 1139 thlims
851 1075 994 1124 utuntur
1019 1063 1056 1124 itt
1078 1059 1239 1126 uenando

224 1171 294 1262 [quo
327 1179 430 1248 pterim
470 1178 562 1248 peden
600 1189 715 1248 ponant,
749 1170 886 1260 vo]cam
951 1173 1142 1264 semiplotia
1206 1190 1240 1239 et

224 1283 240 1380 [
239 1329 470 1349 ......
516 1291 584 1344 uude
616 1300 642 1345 et
671 1280 795 1374 Aeci]us
841 1303 954 1379 poeto,
993 1292 1074 1380 quia
1114 1289 1242 1361 *Vmber

227 1405 393 1472 Sarsinas
440 1419 537 1503 eratt
582 1429 605 1470 α
652 1405 775 1497 pedum
820 1408 965 1500 planitie
1016 1414 1115 1479 initio
1161 1411 1243 1479 Plo-

232 1536 305 1595 tus,
342 1536 464 1611 posteo
499 1518 642 1586 Plautus
684 1538 820 1612 coeptus
859 1540 910 1590 est
940 1523 1016 1591 dici.
1054 1558 1100 1573 ·—
1128 1560 1175 1576 —
1197 1561 1245 1577 —

156 1629 262 1698 Vides
284 1632 318 1696 iu
341 1630 458 1697 lacuna
486 1655 559 1698 esse
586 1635 693 1724 ipsum
709 1658 831 1702 nomeu
850 1655 987 1730 poetae:
1015 1637 1245 1732 quaudnpro-

157 1744 302 1811 habilius
329 1767 408 1812 sane
432 1746 576 1812 nontiffls
613 1749 736 1813 exitum
759 1741 798 1813 its
823 1749 985 1842 syllabam
1011 1752 1247 1845 interpretabi-

159 1882 233 1926 mur
265 1882 364 1952 qnarn
401 1859 444 1926 de
469 1855 647 1946 [eomic]tts
679 1886 762 1928 voce
787 1863 1014 1956 cogitabimus.
1065 1865 1245 1960 Vtcuuque

159 1991 268 2040 autem
302 1973 345 2039 de
379 1999 416 2039 ea
452 1973 578 2068 syllaba
605 1991 747 2059 statues,
781 1995 907 2044 tantum
946 1977 1106 2047 contendi
1132 1978 1249 2073 quovis

161 2086 303 2180 pignore
332 2103 453 2178 potest,
480 2112 546 2153 uon
572 2092 763 2181 repperisse
789 2091 927 2157 Paulum
954 2095 988 2159 in
1014 2119 1073 2160 suo
1096 2093 1249 2187 exemplo
1296 2164 1306 2176 ἱ

161 2200 308 2265 undeet
333 2197 458 2266 Accius
483 2203 662 2293 seriptum3
696 2221 752 2270 aut
780 2230 848 2271 nou
880 2208 924 2270 ita
956 2208 1090 2273 Festum
1133 2207 1251 2272 saitem

162 2315 342 2407 scripsisse.
396 2317 533 2415 Certum
565 2315 600 2379 in
637 2335 796 2410 promptu
822 2335 870 2384 est
895 2341 1140 2411 argumentum:
1181 2345 1251 2387 nou

162 2431 271 2522 potuit
295 2432 367 2496 siue
392 2430 610 2522 praenomine
636 2432 758 2499 Accius
785 2432 904 2526 aliquis
930 2446 1030 2527 poeta
1050 2435 1128 2514 dici,
1150 2461 1252 2527 quem

165 2546 302 2642 quidem
327 2545 473 2636 scriptor
495 2544 599 2612 veliet
620 2544 720 2612 aliurn
747 2566 845 2639 atque
872 2547 1131 2615 celeberrimum
1160 2548 1256 2614 iilum

165 2666 200 2729 1„
237 2661 379 2728 Accium
421 2657 571 2751 intelligi.
633 2662 722 2753 Ergo
763 2662 980 2728 scribendum
1021 2664 1127 2730 fuerat
1162 2682 1255 2729 certe

165 2772 217 2845 M·
240 2770 383 2842 Aocimt:
410 2772 501 2865 quod
529 2773 556 2838 si
583 2762 683 2841 modo
712 2778 874 2867 seriptum
907 2778 1099 2868 reppererit
1125 2774 1259 2853 Paulus,

167 2888 249 2981 qnid
273 2886 419 2955 'tandem
454 2888 616 2980 impediat
653 2893 833 2981 quominus
869 2913 930 2954 nos
967 2914 1034 2953 uon
1074 2888 1161 2967 duo,
1196 2886 1257 2954 sed
1356 2904 1362 2913 '

169 3028 271 3070 unum
297 2999 457 3072 Maccius
483 3023 609 3068 nomen
629 3001 901 3094 interpretemur,
929 3001 1024 3068 illum
1049 3000 1156 3070 autem
1183 3028 1259 3071 cre·

171 3118 288 3184 damus
312 3118 549 3210 praetermisso
579 3119 798 3209 praenomine
824 3115 931 3182 solum
961 3140 1109 3183 servasse
1135 3117 1260 3207 gentile

170 3234 319 3299 numeni
354 3233 470 3324 ltaque
495 3255 538 3298 ne
565 3229 656 3297 Pauli
681 3230 819 3324 quidem
848 3233 1034 3297 testimonio
1060 3230 1178 3296 licebit
1194 3248 1261 3295 tra-

171 3344 280 3412 latitia
305 3345 428 3412 comici
451 3360 572 3437 poetae
599 3347 734 3413 nomina
755 3344 863 3410 tutari.
898 3345 1055 3411 Ceterum
1079 3342 1169 3409 haud
1193 3344 1262 3409 scio

170 3485 212 3526 un
245 3482 318 3527 non
352 3460 431 3526 satit
463 3476 593 3526 constet
626 3458 669 3525 de
695 3461 766 3550 ipsa
793 3456 956 3522 librorum
980 3458 1144 3549 scriptura
1171 3450 1264 3522 Pauli

171 3575 330 3641 Diatonit
356 3586 433 3640 uam
459 3596 535 3641 oum
560 3571 651 3664 apud
676 3570 942 3637 Lindemanuunt
966 3570 1047 3637 nihil
1066 3570 1265 3664 discrepau·
1354 3554 1356 3557 .

172 3690 237 3755 tiae
261 3673 490 3765 memoretur(
506 3687 732 3779 antiquiorum
758 3702 866 3751 tamen
894 3684 1077 3751 editionum
1099 3702 1266 3780 quotquot

172 3803 307 3894 impexi
333 3822 404 3867 nott
427 3799 551 3867 Ateius
577 3799 640 3867 sed
664 3797 783 3867 Attius
808 3799 988 3890 praebent:
1029 3795 1131 3865 Atius
1155 3816 1266 3866 eutem
1327 3853 1331 3861 ,

173 3912 328 3983 indidem
350 3914 486 4006 Pighius
513 3913 609 3981 affert
640 3896 760 3979 Annei.
785 3913 816 3992 t,
845 3936 880 4004 p.
907 3910 989 3980 450.
1042 3914 1115 3996 Quo
1155 3929 1268 3980 autem

174 4031 277 4121 magis
318 4047 369 4096 et*
388 4014 604 4095 librariordm
633 4051 697 4093 usu
732 4041 777 4092 et.
800 4025 1029 4118 proximorum
1059 4023 1269 4091 saeculorum

176 4141 420 4208 consuetudine
444 4139 569 4221 Acrius
591 4164 654 4234 pro
677 4136 795 4207 Attius
822 4140 927 4204 forma
954 4154 987 4203 et
1014 4161 1099 4229 quae
1124 4153 1200 4202 suut
1223 4136 1269 4202 ti-

178 4253 265 4322 milia
288 4256 571 4335 increbrueruut,
604 4278 644 4321 eo
679 4276 740 4346 ego
774 4250 994 4318 confidentius
1026 4251 1086 4314 ista
1118 4264 1270 4316 veterum

177 4369 358 4437 editionum
387 4370 609 4437 consensione
637 4385 722 4441 utor,
752 4383 787 4432 ut
811 4367 852 4431 ab
875 4365 949 4458 ipso
967 4365 1065 4432 Festo
1087 4387 1155 4431 nou
1171 4357 1271 4434 Mac·

178 4489 254 4567 rius,
278 4484 343 4554 sed
370 4481 519 4554 Mattius
557 4483 668 4578 potius
697 4506 768 4549 esse
794 4481 938 4575 potitum
967 4478 1164 4551 existimem.
1214 4478 1271 4550 Sic

179 4604 263 4671 enim
290 4599 439 4671 laceram
466 4598 555 4669 illius
580 4599 787 4668 notationem
812 4593 1024 4690 redintegro:
