2820 5332
226 665 299 737 472
417 678 425 691 '
461 688 529 728 vin.
550 689 596 729 -us
619 686 764 728 resciso
791 687 959 729 sceniivn
988 685 1107 730 crunni

224 868 348 932 iactura
375 878 633 951 compensetur,
669 884 736 951 quo
769 859 910 925 eandem
936 884 1071 926 scenam
1102 859 1159 940 IV,
1186 859 1208 926 3
1240 856 1312 923 ulio

224 985 259 1047 iii
285 980 358 1046 loeo
383 975 644 1041 deminuendam
672 978 837 1067 suspicor:
863 976 988 1066 ubsque
1003 1000 1070 1067 quo
1088 992 1183 1052 esset,
1209 972 1312 1040 sicile

226 1097 329 1162 omitti
356 1096 382 1157 is
408 1117 510 1184 quem
540 1092 582 1159 19
605 1093 774 1181 posuimus
800 1115 912 1155 versus
939 1109 1101 1182 potuerat.
1142 1089 1196 1155 Sic
1217 1091 1311 1154 enini

225 1209 322 1302 volgo
348 1209 460 1298 pergit
486 1207 736 1297 Theurupides:

250 1323 296 1392 36
324 1325 394 1387 Hei
419 1318 514 1395 inihi,
540 1321 695 1411 disperii:
723 1316 813 1385 odeis
836 1344 906 1385 non
933 1315 1041 1384 liabeo'
1066 1325 1159 1385 satis.

324 1431 459 1509 Vi'cinc,
479 1440 580 1526 perii,
605 1430 729 1500 interii.
780 1457 825 1502 st.
854 1434 1018 1526 numquid
1039 1434 1169 1502 Trn'nio

323 1551 508 1619 Turbiivit?
559 1573 620 1615 rii.
646 1555 745 1615 inimo
770 1556 817 1615 nii
840 1545 1032 1615 extenuavit
1058 1547 1184 1616 (imnia.

328 1670 374 1732 Te
399 1665 593 1753 ludificatus
619 1682 670 1729 est
696 1682 730 1729 et
753 1691 805 1729 nie
829 1665 929 1730 leodic
953 1666 1107 1756 indignis
1133 1665 1249 1730 modis.

253 1781 300 1851 40
327 1806 375 1849 st.
407 1781 500 1871 Quid
524 1775 560 1845 tii
582 1782 656 1845 ais?
706 1803 767 1847 rii.
802 1781 885 1844 liaee
911 1806 966 1845 res
990 1783 1042 1846 st'e
1063 1797 1114 1846 est
1141 1798 1177 1846 nt
1203 1778 1310 1846 inirro'

718 1878 788 1948 tibi.

329 1997 376 2062 Te
399 1994 591 2087 lucificatus
619 2012 652 2060 et
677 2020 729 2058 ine
755 1994 855 2060 liodie
882 2001 918 2061 in
940 2013 1139 2086 perpetuum
1164 1997 1309 2065 moduni.

231 2113 357 2193 Quibus
393 2113 427 2175 in
465 2112 615 2177 versibus
653 2115 760 2176 vicine
797 2113 988 2202 scripsimus
1032 2137 1106 2179 cum
1148 2112 1312 2191 Acidalio,

230 2233 319 2321 perii
340 2230 459 2293 interii
483 2226 742 2316 transposuimus
769 2251 843 2291 cum
869 2228 1001 2318 scriptis
1030 2225 1124 2291 libris
1149 2230 1314 2307 omnibus,

235 2348 281 2408 ini
315 2369 386 2409 eum
423 2342 540 2406 Buthio
572 2342 776 2405 inseruimus.
840 2340 961 2406 Eidem
996 2368 1046 2408 vv·
1070 2342 1125 2409 39.
1148 2339 1191 2407 tt
1231 2343 1316 2408 haec

238 2457 425 2523 emendatiss
453 2456 615 2520 debetur:

337 2619 598 2714 Deludgstcmm
624 2645 675 2683 me
701 2620 801 2686 hodie
827 2569 840 2679 j
868 2571 1022 2660 indignis
1048 2570 1168 2636 modis:

829 2682 839 2758 i
872 2693 1119 2778 inperpetuum
1141 2684 1294 2750 moduni:

241 2806 291 2868 cui
319 2802 455 2894 quidem
489 2801 713 2867 emendationi
745 2804 827 2868 iusta
853 2802 938 2869 fides
964 2829 981 2868 e
1007 2802 1228 2868 Palestinorum
1255 2801 1320 2866 de-

240 2945 330 2982 mum
355 2920 517 3009 scriptura
543 2916 683 2983 aceedit.
736 2919 798 2993 stc,
818 2919 907 2985 enim
932 2922 1081 3011 priorem
1102 2943 1231 2984 versum
1246 2919 1319 2983 Ve-

242 3052 291 3100 tus
320 3035 472 3100 exhibet:

1025 3123 1105 3175 iiiodis

321 3204 392 3269 ·Te
418 3202 610 3282 ludificatus
638 3218 688 3265 est
711 3199 823 3265 iliodi'e
851 3201 1004 3292 indignis
1029 3203 1082 3268 dis

245 3337 278 3384 ct
311 3320 345 3382 in
376 3323 520 3412 margine
547 3318 585 3395 iti·
610 3344 681 3395 ine,
713 3317 756 3381 ita
783 3336 892 3383 tamen
918 3336 954 3385 ut
986 3344 1003 3385 e
1031 3333 1220 3385 correctura
1239 3318 1324 3382 *sint

247 3452 323 3500 citus
350 3452 400 3498 est
426 3434 580 3527 syllabae.
615 3439 644 3502 A
671 3456 737 3523 quo
765 3434 813 3498 sic
838 3436 1037 3500 Decurtatus
1065 3433 1249 3524 discrepat:

347 3551 394 3615 Te
417 3551 624 3644 ludssentiist
651 3525 734 3615 niiiii
756 3547 856 3612 liodie
883 3547 1022 3639 indigni
1041 3547 1093 3614 dis

247 3665 340 3731 Alter
366 3682 472 3730 autum
500 3691 610 3730 rursus
637 3667 670 3730 in
692 3645 817 3735 Vetere
841 3665 894 3731 hic
920 3682 988 3730 est:

363 3775 373 3817 i
602 3757 629 3837 d*

346 3845 611 3935 Deliidifieotust
635 3875 686 3914 nie
710 3849 810 3914 liodie
836 3856 872 3914 in
895 3863 1094 3940 perpetuum
1120 3841 1255 3908 niodum

247 3963 302 4027 hie
330 3986 409 4029 vero
436 3965 469 4026 in
494 3967 693 4031 Decurtuto:

352 4077 616 4168 Deludificatnst
638 4105 689 4145 nie
715 4079 816 4144 liodie
842 4083 877 4143 in
902 4095 1099 4169 perpetuum
1125 4070 1259 4136 modeim

251 4192 312 4257 sed
338 4211 374 4257 ut
401 4219 452 4259 ine
478 4197 520 4259 sit
548 4221 565 4259 e
594 4222 679 4261 corr.
704 4221 765 4287 pro
788 4199 843 4259 ini.
893 4192 995 4259 Anuli
1021 4193 1123 4268 haec,
1151 4190 1184 4251 in
1211 4187 1335 4275 quibus

250 4307 349 4399 plane
374 4327 514 4401 apparet
539 4314 659 4377 veteris
687 4309 907 4377 emendatoris
934 4332 1059 4385 manus,
1086 4330 1184 4397 quain
1207 4301 1335 4393 plenis-

251 4426 331 4489 sime
357 4444 555 4515 propterea,
584 4425 677 4519 quod
702 4428 745 4490 itii
771 4427 953 4516 sperabum'
973 4424 1044 4487 iore
1073 4438 1106 4485 ut
1132 4445 1186 4484 sua
1215 4436 1335 4506 sponte

252 4543 428 4632 uuicuique
457 4543 592 4621 eadem,
626 4571 725 4636 quatu
753 4568 813 4635 ego
842 4567 908 4607 non
932 4544 1024 4632 potui
1051 4535 1167 4631 procul
1196 4534 1335 4608 habere,

252 4657 396 4750 suspicio
422 4677 624 4725 nasceretur.
677 4661 759 4725 Natu
776 4660 828 4722 vix
852 4658 932 4722 mihi
951 4653 1139 4749 persuadeo
1155 4669 1216 4715 tuni
1241 4648 1336 4714 broii
