2820 5332
369 405 374 415 ι

243 637 314 708 518
558 660 600 701 tx.
653 659 693 700 nn
719 655 1005 702 tuneneontmoun

239 849 335 896 cetur
359 829 497 922 figurato
524 827 696 894 vocabulo.
753 828 855 920 Atqui
887 825 951 893 hoc
976 851 1044 893 uon
1070 825 1214 919 quadrat
1242 852 1336 920 pro-

240 945 329 1013 fecto
355 947 390 1009 in
418 968 533 1010 eorum
560 968 681 1035 genus,
707 967 790 1036 quos
816 943 912 1008 tertio
940 940 1015 1008 loco
1044 940 1201 1009 Callicles
1227 967 1334 1010 com-

238 1078 410 1131 memorat.
468 1059 651 1128 Nemeum
679 1061 739 1125 trie
764 1056 915 1125 videntur
939 1083 1061 1151 genero
1090 1059 1173 1125 hacc
1195 1062 1335 1152 signifi.

239 1202 328 1256 care,
356 1201 472 1243 eorum
498 1200 583 1268 quos
610 1176 691 1241 sciat
716 1176 837 1242 amicos
863 1199 944 1254 esse,
971 1199 1086 1241 eorum
1109 1199 1192 1267 quos
1210 1179 1332 1268 suspi-

239 1311 333 1358 cetur
359 1309 483 1358 tantum
510 1291 542 1356 h.
568 1315 596 1357 e.
622 1315 705 1384 quos
731 1291 832 1382 magis
860 1288 977 1356 credat
1009 1315 1107 1382 quam
1139 1314 1208 1355 uon
1244 1316 1331 1359 cre-

240 1406 317 1487 dat,
350 1432 465 1473 eorum
499 1406 646 1499 denique
673 1405 715 1472 de
741 1407 863 1498 quihus
887 1406 950 1470 sibi
977 1431 1114 1498 prorsus
1139 1430 1207 1471 nou
1237 1432 1329 1473 con-

234 1541 319 1590 stet:
359 1524 496 1588 nimium
523 1541 572 1589 est
594 1548 658 1588 nec
680 1523 799 1588 rationi
826 1523 1045 1600 couveniens,
1080 1546 1146 1587 non
1173 1547 1329 1615 perve-

234 1640 309 1704 nire
336 1636 379 1702 ad
403 1661 559 1706 verorum
587 1635 779 1728 dignitatem
806 1637 986 1703 amicorum
1015 1660 1072 1702 eos
1092 1635 1170 1715 dici,
1198 1640 1258 1729 qni
1279 1639 1326 1704 ad

237 1778 314 1817 eum
340 1769 496 1843 tanquam
522 1750 661 1844 gradum
688 1750 863 1817 voluntatis
882 1777 926 1814 ne
953 1752 1139 1840 aspiratum
1160 1752 1323 1844 quidem:

233 1890 310 1932 nam
337 1868 394 1958 qui
421 1866 557 1959 quidem
583 1869 780 1958 aspiracunt,
803 1867 826 1931 ii
852 1865 895 1930 ad
921 1867 1027 1956 ipsum
1049 1891 1149 1958 genus
1172 1867 1325 1935 medium

234 1983 412 2072 pertinent.
463 1984 509 2049 Vt
532 1981 597 2048 hoc
624 1984 733 2074 potius
760 1980 938 2047 dicendum
965 1982 1077 2048 luerit:
1103 2000 1208 2056 sucat,
1234 2009 1326 2074 quos

236 2099 306 2161 scio
332 2121 404 2161 esse
429 2101 576 2174 anticos;
595 2113 676 2161 sunt
703 2121 785 2188 quos
811 2095 928 2161 dubito
953 2120 1033 2159 ntem
1057 2096 1105 2160 ad
1129 2102 1319 2164 amicorum

233 2228 369 2302 partem
391 2216 593 2302 pervenire
618 2212 750 2293 dicam3
776 2228 869 2286 suttt,
895 2212 976 2304 quos
1000 2216 1035 2276 in
1058 2216 1244 2278 anticorum
1270 2241 1321 2280 an

237 2331 451 2392 inimicorum
476 2350 652 2392 numerum
678 2331 833 2392 venire
858 2327 1003 2406 credam,
1028 2353 1167 2419 prorsus
1188 2337 1319 2398 nescio.

238 2473 286 2487 -
312 2444 424 2533 Atque
450 2442 534 2507 haec
560 2442 603 2506 ita
628 2441 885 2533 disputavimus,
918 2459 953 2506 ut
978 2469 996 2508 a
1022 2442 1176 2510 tralaticia
1203 2471 1324 2514 versus

237 2558 283 2623 55
312 2556 417 2641 (Sunt
438 2580 579 2648 quorum
601 2561 744 2647 ingenia
772 2583 800 2624 e.
832 2584 866 2650 q.
893 2555 932 2641 s.)
962 2576 994 2623 ct
1018 2561 1181 2651 scriptura
1212 2579 1246 2628 et
1273 2566 1325 2627 in-

238 2673 480 2762 terpretatione
503 2673 806 2764 proficisceremur.
868 2673 906 2737 ln
934 2677 1024 2740 cuius
1051 2674 1160 2741 locum
1188 2683 1320 2745 tametsi

238 2788 316 2854 sutis
344 2812 423 2853 sone
448 2787 611 2854 diversam
644 2790 805 2855 rationein
840 2789 1100 2855 substituendam
1136 2817 1209 2858 csse
1241 2793 1323 2859 dili-

238 2905 371 2994 gentior
397 2902 584 2996 disquisitio
611 2907 797 2971 sententiae
825 2903 970 2982 docebit,
996 2905 1100 2972 nihilo
1120 2925 1231 2973 tomen
1249 2935 1321 2974 ma-

241 3021 289 3110 gis
315 3015 427 3096 illum,
458 3043 475 3083 a
511 3043 577 3111 quo
604 3021 712 3086 exorsi
735 3045 862 3097 sumus,
900 3044 1030 3085 versum
1063 3022 1159 3086 tutat-i
1193 3022 1321 3090 licebit.

239 3133 385 3199 Omnino
413 3135 500 3198 euim
527 3132 740 3200 falsissimum
768 3154 826 3214 cst,
853 3135 945 3226 quod
971 3160 1069 3227 supro
1096 3134 1322 3229 largicbnmur

239 3265 384 3327 tantum,
422 3250 619 3341 tripertitam
651 3275 724 3317 esse
749 3248 896 3316 Calliclis
930 3253 1129 3316 orationem:
1169 3277 1320 3348 veroque

239 3363 364 3430 iudicio
377 3361 411 3448 *)
440 3367 680 3446 Camerarium,
704 3367 762 3458 qui
786 3367 919 3431 tertium
945 3365 1028 3431 illud
1050 3383 1131 3430 sunt
1154 3370 1261 3433 versui
1273 3371 1322 3436 55

240 3479 460 3570 praemissum
487 3479 675 3560 deleverat,
701 3500 831 3548 secutus
856 3479 1023 3549 Beckcuus
1050 3481 1092 3547 de
1118 3506 1201 3548 com.
1229 3486 1322 3551 Rom.

239 3592 305 3659 snb.
331 3619 364 3686 p.
392 3599 413 3663 7
441 3594 507 3661 duo
531 3612 656 3661 tnntutn
682 3622 806 3689 genera
841 3596 1014 3664 contendit
1048 3617 1139 3664 recte
1170 3601 1322 3689 cogitari,

241 3706 382 3775 alterum
408 3734 523 3777 corum
550 3736 633 3804 quos
658 3710 812 3778 Callicles
839 3714 942 3789 seint,
970 3711 1127 3792 alterum,
1158 3737 1240 3805 quos
1265 3739 1322 3779 su-

240 3826 389 3917 spicetm·
414 3828 537 3893 amicos
565 3852 659 3894 csse:
685 3828 745 3894 hos
773 3829 859 3893 enim
882 3851 938 3893 eos
955 3829 1045 3919 ipsos
1068 3852 1150 3906 esse,
1178 3853 1322 3920 quorum

181 4010 185 4019 ,
239 3940 297 4008 ille
327 3942 458 4036 ingenia
480 3961 580 4035 atque
608 3947 733 4009 animos
755 3968 824 4009 non
856 3945 932 4008 sutis
964 3946 1102 4010 noverit
1167 3946 1259 4027 Quos
1293 3949 1321 4011 si

240 4078 364 4137 nosset,
390 4083 458 4125 non
484 4061 716 4151 suspicaretur,
743 4059 802 4125 sed
828 4060 938 4126 sciret.
957 4093 999 4106 -
1018 4063 1061 4124 At
1086 4085 1175 4138 veco,
1202 4062 1321 4153 inquit,

243 4176 304 4239 etsi
339 4199 423 4266 quos
465 4176 650 4267 suspicatur
685 4193 826 4253 tantum,
863 4175 1017 4266 prosectu
1053 4200 1122 4241 non
1157 4180 1322 4266 pernovit,

240 4285 378 4355 hincine
405 4288 508 4356 ultera
534 4315 574 4356 ex
599 4308 694 4382 parte
721 4292 785 4358 hoc
805 4291 1028 4382 consequitur,
1053 4308 1088 4356 ut
1109 4313 1192 4383 quos
1216 4291 1324 4358 homi-

244 4460 554 4478 Μ

299 4553 326 4622 “)
346 4548 424 4602 Cuius
443 4553 521 4602 miror
540 4554 672 4604 verinum
697 4567 748 4602 noo
770 4556 932 4617 perspectum
952 4565 1011 4600 cose
1029 4549 1061 4601 ab
1079 4549 1107 4600 t).
1128 4547 1155 4601 1¹.
1177 4546 1325 4598 llenuanuo

344 4645 451 4713 Epheso.
472 4646 519 4700 litt.
536 4647 592 4701 Hel.
615 4663 637 4700 a.
658 4647 726 4702 ¹838
745 4664 778 4700 m.
798 4647 851 4700 lou.
871 4662 895 4714 p.
919 4646 977 4698 130.
