2820 5332
434 715 469 758 n.
519 717 565 758 -nc
591 714 719 759 securo
746 715 872 760 rttvrt.
907 735 910 742 ·
1160 695 1208 767 55

110 893 161 959 ln
186 908 250 983 qno
277 898 397 949 tantus
422 881 622 949 errorAttii
635 887 728 970 ficit,
754 903 791 952 ut
816 887 869 953 tis
888 886 1080 964 consulibus
1100 911 1206 960 xxxx

111 1028 227 1069 astrios
257 1015 360 1065 notus
386 998 522 1062 Ennius
543 1000 675 1081 suerit:
712 1006 767 1066 cui
801 1028 875 1067 enm
908 1006 1061 1096 aequalis
1086 1011 1205 1093 fucrit

111 1121 245 1197 Lt‘vt'os,
278 1118 392 1178 ntiuor
412 1116 504 1198 fuit·
527 1113 705 1206 aliquorno
732 1119 782 1192 is,
814 1122 874 1207 qui
890 1122 1020 1208 primus
1038 1121 1205 1207 fabrilem
1248 1141 1250 1144 ·

109 1232 222 1306 dedit,
243 1253 347 1321 priam
372 1231 400 1293 ii
423 1232 482 1319 qui
501 1229 624 1294 multer
652 1230 845 1297 docuerant
877 1248 961 1300 ante
993 1235 1056 1300 tas
1082 1236 1203 1303 eonsu-

111 1348 170 1427 les,
207 1342 355 1413 Plautus
379 1358 414 1408 et
443 1342 605 1409 Naevius.
656 1345 789 1414 Habent
831 1346 914 1414 hoec
948 1349 1103 1441 profecto
1137 1377 1205 1444 quo

109 1459 290 1528 offendunt
341 1458 461 1548 Aptius
504 1456 623 1523 saltem
660 1478 858 1526 coarctatam
896 1481 1071 1554 exspectes
1103 1463 1203 1532 tnlctn

109 1576 314 1642 cretionem:
349 1588 395 1650 ut,
436 1596 511 1637 cum
535 1573 588 1638 tis
613 1573 806 1640 consulibus
830 1597 936 1644 xxxx
961 1602 1074 1645 auitos
1101 1597 1204 1646 natus

108 1691 245 1756 Ennius
257 1692 390 1774 fuerit,
415 1692 449 1753 ei
471 1689 679 1780 si-aequalis
694 1694 813 1775 suerit
838 1692 969 1768 Livius,
999 1699 1114 1760 minor
1128 1695 1202 1772 nlt-

107 1821 239 1895 quanto
270 1808 300 1868 is
332 1800 502 1894 prodeat,
531 1807 590 1894 qui
620 1809 750 1895 primus
777 1829 804 1870 e.
829 1831 861 1897 q.
888 1831 914 1878 s.
966 1807 1034 1874 Sed
1069 1810 1202 1900 groviu‘s

106 1917 268 2011 quiddam
293 1934 405 1982 restat.
458 1916 546 1999 Quid
575 1936 624 1984 est
651 1920 759 2000 enim,
791 1943 851 1985 cur
886 1923 980 1987 tantis
1007 1924 1201 2016 ambagibus

107 2049 217 2098 utatur
241 2033 406 2124 scriptor,
437 2056 503 2097 nec
539 2034 657 2098 omisso
682 2058 820 2125 prorsus
847 2036 945 2101 Ennii
971 2038 1142 2104 mentione
1168 2057 1202 2106 et

108 2145 241 2238 plonius
268 2164 301 2212 et
326 2144 510 2239 simplicius
537 2149 585 2214 sic
610 2165 871 2240 argumentetur:
906 2154 943 2215 io
979 2174 1046 2241 quo
1081 2165 1200 2218 tantus

108 2283 208 2327 error
231 2258 324 2326 Attii
338 2263 429 2347 sitit,
455 2277 491 2325 nt
517 2266 631 2327 minor
656 2264 834 2370 aliquouto
856 2270 886 2329 is
900 2269 1029 2352 fiterio
1054 2271 1114 2359 qui
1131 2265 1198 2352 (his

109 2373 315 2458 consulibus)
338 2379 468 2465 primur
483 2375 648 2462 fabulam
673 2377 782 2452 dedit,
819 2402 921 2471 quam
942 2382 969 2444 ii
991 2383 1052 2470 qui
1074 2379 1198 2447 multas

106 2489 295 2556 docuerant
324 2506 408 2554 ante
440 2489 503 2556 Itos
534 2492 699 2557 eonsules.
750 2495 799 2557 Ita
822 2495 911 2558 enim
936 2493 1020 2559 nihil
1042 2494 1197 2586 profecto

105 2603 148 2671 ad
172 2608 239 2677 vim
263 2606 555 2698 argumentationis
570 2605 789 2686 desideratur,
817 2632 901 2700 quac
921 2608 958 2672 fit
981 2633 1021 2675 cu
1043 2632 1082 2677 eo
1105 2607 1199 2702 quod

107 2719 149 2786 sit
169 2719 361 2786 absurdum.
413 2718 530 2811 Itaque
555 2738 592 2786 ut
618 2718 727 2787 dicem
753 2719 847 2813 qood
872 2745 928 2787 res
955 2741 1022 2802 est,
1055 2723 1200 2815 biperti-
1267 2752 1273 2760 ·

105 2851 170 2900 tam
197 2833 321 2903 Cicero
348 2832 668 2926 argumentationem
692 2836 843 2913 instituit,
866 2836 1118 2926 seiunctumque
1142 2858 1200 2901 vo-

106 2948 167 3015 luit
188 2974 206 3015 a
230 2950 345 3041 priore
369 2949 508 3015 alterum
536 2947 786 3014 conclusionem
815 2971 898 3013 esse.
933 2947 1032 3030 Quod
1058 2947 1197 3042 quidem

103 3066 151 3131 sic
174 3062 348 3132 declarare
360 3062 574 3130 'enucleatius
600 3060 722 3128 licebit
767 3062 804 3130 C.
832 3061 994 3129 Cornelio
1021 3065 1060 3147 Q.
1084 3066 1197 3130 Minu-

104 3179 156 3245 cio
180 3203 261 3246 coss.
271 3229 282 3261 ,
320 3178 442 3270 quibus
469 3177 613 3242 sabulum
649 3176 801 3244 docuisse
827 3178 957 3244 Livium
981 3178 1089 3244 Attius
1115 3179 1198 3245 scri-

103 3295 163 3375 bit,
188 3294 315 3361 Ennius
340 3312 436 3359 uatus
462 3293 524 3358 suit
549 3316 635 3358 xxxx
661 3314 781 3358 annos:
817 3279 908 3384 atqui
945 3315 1012 3359 uno
1038 3309 1113 3358 unte
1138 3318 1197 3359 ne-

105 3427 172 3475 tum
199 3410 343 3474 Ennium
371 3431 458 3475 anno
484 3407 630 3474 fabulam
654 3407 766 3473 Livius
791 3405 919 3471 docuit:
944 3429 1023 3498 ergo
1048 3430 1117 3472 non
1135 3430 1198 3499 po-

104 3525 165 3590 tuit
190 3525 246 3591 hic
271 3523 337 3590 illis
361 3523 497 3590 demum
523 3521 714 3591 consulibus
740 3521 885 3586 subulam
911 3519 1047 3587 docere.
1082 3520 1196 3588 Altera
1242 3539 1250 3553 ’

101 3656 212 3705 autem
248 3637 420 3707 conclusio
450 3637 493 3704 ed
518 3639 664 3704 Ennium
696 3638 805 3729 ipsum
830 3635 914 3701 nihil
938 3638 1103 3728 pertinet,
1136 3635 1195 3704 sed
1249 3705 1251 3709 ,

100 3756 136 3822 fit
161 3781 179 3822 e
204 3776 367 3824 concesso
392 3780 452 3836 eo,
489 3754 582 3849 quod
608 3778 728 3822 revere
750 3778 820 3820 non
847 3751 1058 3820 conceditur.
1111 3756 1194 3819 Lar-

102 3871 240 3962 giamur,
266 3873 385 3964 inquit,
410 3870 477 3938 illis
503 3868 695 3939 consulibus
719 3868 864 3934 fabulam
882 3867 1036 3934 docuisse
1053 3868 1195 3950 Livium:

102 3984 218 4080 quod
245 3987 280 4054 si
305 4004 488 4067 statuas,
515 4007 600 4052 non
624 3983 761 4050 minor
786 3983 919 4049 ferme
945 3978 1197 4074 quadrage·

99 4103 218 4168 nario
246 4103 287 4166 in
309 4125 488 4168 scenam
509 4096 751 4192 prodierit:
779 4120 846 4189 quo
874 4114 973 4189 pecto
990 4096 1036 4175 iit,
1065 4111 1103 4159 ut
1126 4093 1196 4160 fer'e

101 4215 247 4308 aequalis
273 4218 383 4283 Ennio
419 4216 545 4283 existat
597 4211 753 4280 Brevitati
785 4213 885 4304 igitur
919 4208 1057 4277 studens
1095 4227 1130 4275 et
1160 4225 1198 4274 ut

99 4329 242 4396 alterum
266 4331 365 4398 simul
394 4333 598 4398 enuntiatum
624 4330 732 4421 aptius
762 4345 916 4395 necteret
942 4351 1017 4392 curn
1042 4326 1197 4417 superio-

99 4445 204 4525 ribus,
231 4444 318 4512 illud
344 4447 451 4513 stetim
479 4446 577 4514 dixit:
613 4448 668 4510 cui
699 4448 731 4510 si
755 4443 907 4537 aequalis
923 4445 1043 4529 fuerit
1066 4443 1196 4517 Livium

97 4582 163 4649 pro
191 4558 350 4653 eoquod
376 4559 525 4626 debebat
550 4555 746 4651 explicatius
758 4553 849 4626 rolin
876 4552 1012 4623 iuliane
1030 4555 1195 4648 speciem:

95 4666 232 4763 quodsi,
268 4672 390 4764 quibus
417 4669 612 4741 consulibus
634 4670 820 4741 secundum
845 4672 927 4739 Attii
954 4666 1098 4738 calculos
1124 4668 1195 4761 pri-
