2820 5332
240 719 313 788 372
629 736 670 779 vt.
695 736 736 778 ne
764 735 942 780 vernarum

234 887 312 993 iius,
339 913 470 980 derebus
496 909 615 976 sociari
637 908 869 977 iureconsultis
895 908 992 975 facile
1019 907 1156 976 credat?
1194 910 1236 976 Et
1262 909 1331 976 hoe

235 1049 273 1098 ut
294 1029 415 1108 detur,
438 1027 512 1119 quis
538 1024 651 1093 medio
678 1024 753 1093 loco
780 1028 869 1092 inter
894 1025 955 1093 hos
978 1026 1234 1117 interpositum,
1261 1051 1326 1093 nec

236 1144 290 1213 vel
317 1120 535 1238 praemissum
563 1139 739 1209 Scaevolae
773 1139 826 1208 vel
851 1141 947 1208 Ateio
980 1142 1187 1208 subiectum?
1234 1142 1326 1233 Ergo

236 1285 311 1328 cum
337 1276 405 1325 tres
432 1258 561 1349 requiri
586 1256 832 1324 iureconsultus
845 1255 1016 1349 appareat,
1038 1273 1150 1323 umen
1177 1282 1243 1324 nec
1258 1259 1327 1323 Ae-

234 1374 355 1442 liorum
378 1375 523 1442 lotorum
549 1371 606 1438 ulli
633 1375 672 1439 L.
694 1396 902 1464 praenomen
927 1373 997 1453 fuit,
1023 1372 1243 1440 necLaelius-
1257 1374 1326 1440 buc

232 1490 322 1558 letus
345 1487 489 1584 quadrat
523 1505 744 1581 cognomento
779 1487 886 1569 Felix,
918 1486 961 1554 de
988 1512 1055 1581 quo
1082 1489 1322 1557 lleimbacbius

232 1604 266 1671 in
297 1605 384 1673 Aelii
418 1603 508 1669 Galli
539 1603 655 1696 fragm.
692 1629 726 1696 p.
753 1600 802 1671 44
839 1604 1021 1695 cogitabat:
1064 1606 1194 1697 quippe
1220 1629 1323 1697 quem

230 1719 391 1787 Hadriani
415 1721 511 1786 aetati
547 1738 625 1811 post
648 1720 847 1786 illeiansium
872 1703 1001 1812 Frugm.
1036 1721 1135 1785 XXX
1171 1721 1320 1788 lotorum
1373 1726 1383 1764 ⁸

227 1838 292 1908 vol.
319 1838 361 1916 ΙΙ,
384 1863 417 1928 p.
444 1836 516 1904 ‘208
543 1854 575 1902 et
599 1835 758 1901 Baebium
784 1836 869 1903 Hist.
896 1836 1030 1928 iurispr.
1066 1839 1159 1904 Rom.
1185 1862 1221 1929 p·
1244 1835 1318 1907 418

229 1953 283 2023 ed.
296 1954 355 2020 vl.
381 1969 474 2020 recte
499 1950 663 2017 Heusdius
688 1951 851 2017 tribuerit.
907 1952 980 2018 lluc
999 1951 1142 2032 accedit,
1158 1976 1246 2043 quae
1263 1976 1317 2018 res

226 2093 294 2136 uon
320 2068 473 2161 prolecto
502 2069 651 2160 exiguam
677 2068 742 2132 vim
769 2066 880 2144 babet,
909 2065 1002 2159 quod
1028 2068 1063 2132 iu
1085 2067 1190 2159 ipsius
1216 2066 1315 2133 Plinii

224 2200 396 2250 auctorum
421 2179 569 2248 elenchis
594 2181 675 2247 XIV
701 2199 735 2246 et
760 2181 823 2246 XV
848 2180 936 2248 libro
961 2182 1152 2274 praemissis
1178 2179 1227 2275 (p.
1254 2178 1313 2250 54.

225 2297 274 2368 56
299 2289 390 2385 Sill.)
417 2297 468 2360 bis
496 2296 684 2387 reperimus
709 2294 926 2379 Scaevolam,
950 2295 1152 2372 Aelium,
1175 2293 1315 2363 Ateium

224 2412 441 2504 Capitonem,
467 2411 531 2477 hoc
560 2408 700 2502 quidem
728 2409 860 2490 ordine,
886 2411 1013 2503 positos
1040 2413 1113 2478 sine
1136 2410 1204 2477 ulla
1222 2411 1315 2505 qnod

221 2530 323 2595 sciam
347 2527 510 2594 librorum
538 2525 772 2616 discrepantia.
821 2524 967 2609 Quodsi,
998 2552 1099 2619 quem
1135 2552 1175 2592 ex
1208 2526 1313 2594 Aeliis

222 2642 299 2710 lctis
326 2642 451 2708 Plinius
479 2642 608 2721 dixerit,
632 2644 775 2734 quaeris,
802 2642 898 2707 sacile
925 2640 1122 2736 intelligitur
1139 2641 1311 2709 hincalie·

220 2782 281 2825 nos
309 2782 382 2824 esse
408 2759 526 2823 Paetus
542 2758 651 2834 Catus,
679 2755 832 2821 Publium
860 2775 892 2823 et
911 2757 1061 2836 Sextum,
1087 2758 1190 2850 ipsius
1204 2756 1311 2824 Plauti

220 2873 398 2967 aequales,
431 2875 533 2940 immo
560 2872 686 2965 aliquot
719 2891 794 2939 autc
830 2872 951 2938 editam
982 2870 1183 2940 Pseudolum
1217 2877 1313 2940 aunis

219 2989 383 3067 consules.
419 2986 487 3053 Sed
509 2987 684 3079 praeclare
710 2990 776 3054 huc
798 2986 944 3054 Aelius
969 2985 1118 3053 Gallus
1143 2989 1309 3068 convenit,

217 3106 306 3171 Ateii
335 3103 507 3194 Capitonis
530 3105 677 3194 Augusto
710 3106 897 3195 imperante
920 3101 1085 3195 aequalis:
1122 3103 1175 3168 cui
1206 3127 1308 3196 pree-

217 3244 343 3287 nomen
358 3218 457 3284 fuisse
475 3218 575 3283 Caio
603 3220 720 3309 optimi
739 3217 817 3283 libri
832 3218 975 3284 Gelliani
990 3219 1189 3299 docuerunt,
1210 3219 1306 3286 Noet.

216 3339 282 3402 Att.
311 3335 401 3413 XVI,
430 3335 450 3400 5
480 3332 614 3399 Caelius
643 3331 764 3401 Gallus
793 3335 990 3401 exhibentes
1016 3333 1056 3419 *).
1084 3335 1170 3402 Huic
1197 3353 1305 3402 autem

219 3468 253 3518 et
285 3451 382 3516 Ateio
416 3465 464 3513 set
497 3449 674 3516 commode
708 3452 837 3517 Mucius
869 3451 1036 3518 Scaevola
1071 3454 1304 3543 praemittitur,

217 3590 284 3633 non
325 3562 384 3628 ille
421 3581 455 3629 ut
494 3582 574 3655 puto
598 3565 734 3631 Publius
761 3571 795 3633 P.
823 3569 859 3636 F.
887 3570 926 3650 Q.
955 3568 997 3635 N.
1025 3567 1139 3635 consul
1167 3596 1196 3635 a.
1220 3568 1303 3646 620,

216 3705 283 3746 nee
308 3680 448 3763 Quintus
474 3681 515 3761 Q.
542 3680 578 3743 F.
606 3682 646 3762 Q.
675 3683 712 3745 N.
741 3681 856 3749 consul
883 3708 912 3750 a.
938 3682 1027 3762 636,
1060 3683 1122 3750 sed
1155 3685 1215 3748 nisi
1241 3681 1305 3748 sal-

216 3796 270 3863 lor
294 3797 434 3879 Quintus
458 3797 567 3886 potius
594 3796 628 3859 P.
654 3796 691 3860 F.
719 3800 759 3880 Q.
785 3801 824 3864 N.
853 3797 966 3866 consul
994 3827 1019 3864 a.
1045 3799 1128 3878 658,
1154 3818 1305 3866 mortuns

217 3939 245 3978 a.
266 3913 347 3981 670.
399 3910 440 3974 Et
477 3909 565 3976 Aelii
600 3911 740 4004 quidem
775 3914 864 3980 Galli
898 3916 933 3979 in
970 3934 1129 4007 promptu
1154 3933 1230 3981 sunt
1261 3912 1305 3979 de

215 4027 474 4121 significatione
502 4026 678 4093 verborum
704 4028 799 4110 libri,
830 4033 950 4124 quibus
983 4057 1059 4098 usus
1094 4032 1136 4098 sit
1166 4030 1301 4096 Plinius.

270 4323 294 4389 ‘J
325 4322 402 4373 blirae
418 4329 478 4372 suut
495 4321 607 4372 llaiausii
628 4339 653 4389 p.
671 4324 706 4375 t8
724 4323 905 4390 dubitationes,
924 4335 951 4378 et
967 4328 996 4379 t.
1018 4327 1119 4379 Aelium
1136 4325 1219 4377 Plinio
1239 4333 1300 4376 unte

317 4405 457 4457 lleusdium
476 4408 628 4472 tribuentis,
658 4417 684 4460 ct
707 4427 763 4461 cum
784 4412 841 4477 ipso
862 4412 934 4464 Gallo
953 4413 1076 4465 Stilonem
1100 4412 1248 4475 miscentis,
1273 4412 1300 4462 id

316 4492 383 4560 quod
408 4493 465 4544 aliis
493 4510 596 4562 quoque
614 4495 730 4562 plurimis
750 4501 876 4550 accidisse
894 4510 1007 4552 constat:
1037 4501 1065 4551 cl
1094 4498 1245 4553 Muellerum
1272 4500 1298 4550 in

315 4581 384 4631 Vari.
404 4583 434 4645 V,
449 4582 488 4633 18.
502 4584 544 4645 25,
565 4582 714 4636 licrltelium
733 4585 833 4654 Prolcg.
854 4590 878 4638 in
900 4588 973 4641 ovid.
996 4588 1064 4640 Fast.
1084 4604 1109 4656 p.
1125 4587 1181 4639 ClV
1196 4602 1252 4654 sqq.
1266 4617 1297 4627 -

313 4668 416 4720 Sextum
437 4669 540 4721 Aelium
567 4671 683 4723 aPlinio
706 4672 755 4725 dici
775 4675 918 4729 llarduiuus
946 4677 1052 4744 putabat
1075 4676 1102 4727 iu
1127 4673 1215 4727 ludicc
1245 4689 1295 4725 au-

312 4761 420 4812 ctorum.
