2820 5332
332 751 337 757 ·
407 731 431 774 ι.
457 732 500 774 ns
525 731 642 775 rusvrs
670 732 799 776 nosris
825 733 1009 778 nousnsnss.
1205 705 1255 782 ii

160 906 242 975 Non
272 902 496 981 intuendum,
534 904 563 976 si
591 907 666 997 quis
701 905 869 998 deposta
894 909 1004 998 potins
1027 905 1158 975 Plautio
1182 905 1254 987 illo,

163 1020 256 1090 euius
282 1018 413 1090 tabu-s
446 1044 515 1112 pro
536 1019 692 1090 Plautinis
732 1021 860 1088 habitos
886 1020 965 1088 alibi
989 1021 1159 1115 prodidit,
1199 1023 1257 1090 hio

161 1156 300 1227 quoque
325 1135 514 1202 Varronem
541 1136 704 1228 eogitsssb
730 1139 793 1202 sibi
819 1140 1041 1228 persuaserit:
1076 1139 1185 1231 posuis
1218 1136 1257 1206 id

160 1266 254 1321 certo
281 1249 537 1341 percommodo:
574 1250 617 1317 sd
648 1253 752 1318 verbs
782 1253 861 1344 ipss
890 1251 973 1319 nihil
1008 1254 1074 1319 hoo
1098 1254 1254 1345 pertinet,

160 1388 247 1456 quse
263 1365 380 1431 neseio
401 1389 444 1430 nn
461 1383 553 1431 recte
569 1369 618 1432 sio
633 1367 876 1434 emaculemus:
900 1368 1090 1435 Dissimilia
1114 1364 1149 1436 P
1158 1368 1172 1433 l
1181 1392 1257 1432 au-

160 1495 227 1546 tus
254 1495 290 1543 et
318 1479 544 1555 Plautius,
578 1496 613 1548 et
643 1504 819 1547 eonsmune
852 1483 970 1548 huius
1003 1479 1185 1550 Plauti:
1218 1495 1255 1547 ut

160 1610 195 1659 et
216 1592 374 1663 Marci.
425 1594 712 1662 Proficiscendurn
742 1598 828 1662 enisu
860 1598 902 1661 ab
928 1598 1131 1688 optimorum
1156 1597 1256 1662 vesti-

159 1711 222 1802 giis
247 1702 423 1789 liisrosum,
448 1711 485 1777 in
511 1711 647 1801 quibus,
672 1713 699 1776 si
723 1730 816 1777 reete
832 1709 1006 1803 Spengelii
1033 1730 1127 1778 notus
1151 1712 1257 1777 inter-

159 1841 345 1916 pretemur,
373 1840 462 1890 extet
484 1839 521 1890 st
543 1848 720 1891 commune
743 1841 780 1892 ut
802 1826 900 1890 isitius
920 1825 1040 1893 Plauti
1063 1840 1099 1890 et
1119 1826 1255 1890 Marci:

159 1964 177 2007 s
208 1939 333 2031 quibus
375 1938 460 2006 nihii
494 1942 698 2010 recessimus
734 1960 872 2033 praeter
904 1927 1000 2010 unius
1043 1956 1095 2013 nt,
1115 1937 1253 2006 voeuiso

160 2054 462 2145 transpositionem.
484 2055 583 2122 huius
605 2079 810 2147 pronomen,
836 2080 899 2121 neo
926 2080 945 2119 a
964 2053 1131 2123 Muellero
1155 2052 1256 2122 intel-

159 2166 286 2235 lectum
311 2193 377 2235 nee
401 2187 440 2236 ut
465 2169 599 2237 videtur
625 2196 644 2235 a
670 2170 864 2262 Spengelio,
891 2194 958 2236 nou
986 2169 1082 2235 aliam
1098 2171 1166 2237 sim
1193 2170 1253 2235 hn-

108 2365 110 2368 .
159 2281 227 2359 bet,
251 2283 318 2348 nisi
339 2299 376 2347 ut
397 2264 627 2351 artiouli‘looo
652 2287 796 2376 positum
825 2283 1016 2351 definiendo
1044 2284 1188 2375 genitivo
1201 2284 1255 2352 in-

161 2398 288 2465 serviet.
339 2400 459 2466 Marci
491 2397 613 2466 dicitur
644 2401 723 2466 item
751 2415 786 2465 ut
809 2396 932 2468 Plauti
955 2423 1134 2467 commuue
1171 2421 1254 2480 esse,

161 2537 236 2578 eum
261 2513 327 2579 sint
353 2512 527 2580 dissimilis
553 2516 696 2580 Marcus
718 2532 751 2581 et
775 2516 939 2579 Marcius.
966 2514 1008 2580 Et
1033 2514 1095 2578 iste
1111 2511 1253 2605 quidem

160 2626 214 2697 iric
239 2629 450 2720 pronominis
476 2653 570 2706 usus,
603 2627 645 2696 sd
681 2652 795 2696 omues
828 2630 964 2696 omuino
992 2651 1086 2695 casus
1113 2625 1254 2694 transla-

160 2761 221 2823 tus,
248 2768 325 2809 cum
350 2742 513 2836 frequens
539 2761 590 2810 est
615 2745 845 2835 grummstieis,
872 2761 939 2808 tum
967 2769 984 2807 s
1012 2744 1165 2807 Varrone
1191 2741 1254 2804 mi-

160 2860 249 2925 nime
275 2859 446 2926 obhorret·
497 2858 553 2926 sie
578 2858 636 2926 ilie
661 2858 822 2943 lib.1x5
847 2860 895 2926 88
921 2858 991 2924 lit:
1017 2879 1095 2921 nam
1114 2853 1254 2918 deciens

160 2998 234 3039 eum
259 2972 398 3040 dicetur
422 2973 502 3039 doe
526 2973 721 3066 (leniens,
754 2969 792 3036 ut
823 2971 912 3036 mille
938 2971 1022 3035 dor
1048 2968 1191 3049 mille,
1216 2976 1253 3027 ui

159 3093 203 3154 sit
226 3104 404 3181 utrumque
428 3092 505 3156 sine
530 3088 663 3154 casibus
687 3091 789 3162 vocis,
825 3086 975 3153 dicemus
1005 3097 1042 3154 sit
1064 3085 1131 3150 doc
1151 3080 1255 3159 mille,

163 3202 297 3271 buius
323 3202 460 3282 mille,
486 3203 789 3277 sinnaritanus,
815 3203 943 3269 liniris
969 3201 1170 3278 deciens,·
1193 3224 1255 3267 ne-

159 3341 224 3408 quo
248 3340 289 3383 oo
313 3321 427 3384 minus
448 3321 486 3383 irs
508 3319 639 3394 altero,
675 3316 769 3411 quod
788 3333 839 3383 est
866 3316 977 3389 mille,
1001 3334 1252 3404 praeponemus

159 3430 205 3498 di
226 3430 370 3508 mille,
392 3432 548 3498 dorum
574 3433 707 3499 milis.
735 3431 836 3498 Adde
865 3432 923 3508 lx,
953 3434 1032 3498 ii‘i.
1059 3430 1101 3507 X,
1116 3424 1177 3500 24.
1195 3423 1253 3498 44.

159 3543 217 3615 62.
244 3546 303 3617 8³.
331 3547 563 3615 Ci·Vossium
590 3547 634 3615 de
660 3547 743 3615 susi.
772 3548 797 3628 Ι,
827 3553 851 3614 i·
873 3563 954 3615 extr.
984 3542 1015 3627 *)
1053 3546 1123 3612 Nec
1148 3543 1254 3635 magis

158 3660 249 3755 opud
278 3663 467 3731 Vsr'rouesn
502 3680 537 3732 et
566 3684 628 3760 pro
664 3666 767 3729 etiam
789 3662 916 3728 dietum
943 3659 1102 3728 offendit:
1137 3655 1252 3754 quode

159 3848 456 3868 Μ

210 3943 238 4000 'j
263 3934 320 3988 Non
339 3937 457 4003 persuasi
475 3935 627 4004 Spengeiio.
661 3934 782 3987 Alienum
803 3908 871 3986 onius
890 3950 904 3984 ιι
925 3934 1046 3985 Varronis
1066 3929 1253 3986 consuetudins

263 4031 291 4074 et
308 4023 358 4074 isne
378 4038 457 4076 osse:
474 4032 504 4075 st
521 4032 547 4076 st
565 4018 662 4086 Ilssrii,
682 4030 709 4074 st
728 4021 803 4075 isius
823 4023 981 4088 pronominis
1002 4019 1075 4073 iiiuns
1100 4032 1184 4080 nsunt,
1202 4014 1253 4066 nisi

262 4110 369 4180 quidem
384 4111 437 4167 elio
456 4111 534 4165 modo
559 4109 633 4165 nulio
657 4109 735 4163 binae
753 4109 851 4164 iosnso
870 4109 988 4163 discerni.
1004 4106 1142 4173 potuerint.
1179 4100 1254 4164 Quod

261 4198 356 4250 cadero
384 4201 410 4253 is
437 4200 553 4262 deniers,
585 4213 636 4248 uon
661 4197 755 4248 oudone
785 4199 811 4247 in
836 4197 979 4264 genitivum
1005 4192 1251 4255 nosniustivumque.

261 4268 561 4352 scripsisss'suuonem
582 4285 680 4337 videri:
713 4283 833 4336 dissimiie
858 4281 1013 4333 Plautus
1031 4288 1054 4329 et
1076 4276 1249 4337 Nautius,

263 4387 395 4424 erasme
410 4381 435 4423 st
448 4374 523 4426 isius
541 4373 666 4425 Piasts'
682 4380 707 4422 et
726 4370 850 4432 Masei,
868 4369 876 4418 i
903 4383 926 4418 e.
946 4360 1254 4430 ,iibereinstinnneudirt

264 4458 312 4514 der
330 4457 433 4511 (ieritis
450 4459 534 4513 Pisuti
553 4458 655 4515 sowoisi
674 4473 726 4510 ron
745 4457 853 4520 diesen,
873 4455 931 4509 den
943 4448 1253 4521 iststgenssntesffline·

261 4547 322 4608 tius,
341 4545 380 4599 sis
398 4561 449 4596 von
470 4548 574 4598 Plautus
594 4545 651 4598 dem
673 4545 814 4597 iinccius.“
854 4542 989 4595 Subtiliter
1010 4541 1060 4592 boo
1079 4540 1254 4607 excogitatum

261 4640 291 4683 et
314 4630 424 4683 fortusse
452 4648 530 4691 vers:
558 4632 603 4684 sed
631 4641 715 4683 tannen
735 4641 762 4681 ut
783 4630 870 4682 durius
892 4627 1079 4696 obscuriusque
1106 4640 1190 4694 genus
1210 4621 1253 4674 io·

261 4719 358 4788 qnesdi
379 4719 486 4774 turoni
506 4719 585 4773 tribui
604 4718 735 4772 interdum
754 4719 796 4770 sit.
