2820 5332
221 661 295 735 4‘28
586 690 641 731 vn.
667 688 710 732 ns
736 687 850 732 runo-ri

220 861 359 928 Trucui
384 863 442 942 IV,
467 863 499 940 9,
526 855 589 926 46ι
641 898 645 909 ·
1161 937 1163 941 ἲ
1324 937 1329 944 ¹

322 978 401 1044 Iam
422 971 535 1051 Iiircle
559 999 625 1066 ego
651 975 724 1052 tibi,
751 972 931 1052 illecebra,
953 974 1050 1041 ludus
1066 976 1207 1064 fdcium
1233 979 1308 1047 'citu

808 1115 902 1158 more
927 1085 966 1157 in
992 1097 1055 1158 via.
1081 1130 1085 1137 ‚

220 1209 366 1278 Mostell.
390 1212 432 1289 il,
462 1217 492 1289 i,
515 1211 577 1280 80:

317 1321 432 1392 Ludo's
456 1349 522 1416 ego
545 1323 646 1390 hodie
665 1317 741 1389 vivo
763 1317 942 1414 praesenti
965 1328 1044 1390 seni

317 1438 478 1507 Faeidm:

219 1576 296 1624 vere
322 1559 409 1624 enim
432 1582 518 1623 nunc
543 1572 697 1648 receptus
725 1574 775 1622 est
799 1553 936 1635 dativus,
964 1579 1064 1648 quem
1091 1578 1223 1620 umanu
1245 1583 1303 1623 se-

220 1670 328 1739 cunda
354 1673 459 1738 Vetus
478 1670 560 1739 cod.
589 1686 689 1749 tenet,
712 1694 776 1762 pro
800 1694 840 1737 eo
867 1669 958 1763 qnod
978 1687 1031 1736 est
1056 1673 1088 1735 in
1108 1673 1298 1749 Decnrtato,
1388 1727 1396 1732 .

219 1789 396 1881 Lipsiensi,
423 1789 593 1880 Principe,
618 1811 720 1852 εεηεε
749 1812 858 1878 neque
885 1786 1075 1852 enimiliius
1090 1786 1167 1851 libri
1184 1812 1299 1852 manus

218 1902 362 1970 secunde
400 1903 472 1969 sere
508 1922 558 1970 est
590 1904 757 1970 recentior
789 1901 968 1992 quaedam,
1005 1901 1066 1967 sed
1100 1904 1300 1994 optimarum

192 2038 317 2110 ‘saepe
342 2021 579 2110 scripturarum
615 2017 783 2085 servatrix.
847 2017 1008 2084 Similiter
1044 2035 1093 2084 est
1123 2019 1156 2082 in
1190 2021 1300 2084 Casin.

219 2133 276 2212 IV,
306 2140 335 2213 1,
362 2135 401 2202 ὃς

320 2251 429 2340 Quum
455 2248 510 2314 tic
534 2239 629 2314 intus
643 2248 741 2340 fiunt
767 2241 840 2314 ludi
861 2245 1083 2340 ludifica'biles

317 2361 404 2431 Seni
427 2359 554 2430 nostro.

219 2481 442 2572 Frequentior
467 2481 563 2545 etiam
589 2475 690 2545 ultera
717 2478 841 2545 locutio
866 2495 925 2554 est,
949 2500 1138 2569 quanquam
1163 2473 1296 2569 aliquo-

220 2598 282 2662 ties
308 2595 422 2661 uffecta
444 2593 655 2660 librariorum
682 2596 768 2660 vitio.
820 2593 985 2684 Amphitr.
1013 2592 1053 2671 ll,
1083 2599 1112 2669 1,
1136 2595 1201 2660 tt:

318 2708 482 2801 Rogtisne
509 2709 657 2802 improbe
680 2705 795 2784 citiam,
820 2712 879 2799 qui
904 2701 999 2773 Isidos
1015 2711 1115 2794 facis
1142 2732 1212 2771 me:

220 2828 268 2892 sic
293 2827 379 2892 enim
402 2827 505 2892 Vetus
532 2827 800 2891 et-Vrsinianns:
839 2822 1043 2915 reliquorum
1077 2847 1152 2915 pars
1178 2821 1298 2887 Palati-

220 2967 337 3009 norum
371 2941 554 3028 iudifhcis,
596 2940 657 3006 ulia
687 2967 763 3033 pars
790 2965 862 3007 cum
890 2941 1054 3031 Lipsiensi
1083 2959 1116 3006 ct
1141 2938 1297 3032 Principe

221 3055 385 3148 lucificas.
435 3055 544 3121 Aului.
572 3057 613 3140 li,
641 3060 674 3136 2,
702 3062 765 3127 75:

323 3166 429 3262 Que'm
453 3189 593 3236 senecta
625 3170 741 3236 aetdte
778 3170 875 3237 ludos
899 3170 1023 3258 fricius
1053 3170 1146 3236 leand
1178 3166 1299 3235 merito

809 3311 891 3352 meo.

221 3405 315 3494 Cupt.
343 3402 400 3479 tlt,
427 3399 459 3474 4,
487 3399 551 3470 47ε

314 3513 362 3585 'V
359 3533 372 3581 t
396 3517 569 3599 scelestus,
594 3513 723 3608 Hegi0‚
750 3543 841 3582 necne
868 3510 935 3583 iste
962 3534 994 3582 te
1017 3512 1113 3581 ludos
1125 3519 1241 3602 facit:

219 3631 276 3696 ubi
302 3635 365 3696 istc
397 3656 459 3722 pro
486 3630 615 3723 vulgato
647 3636 675 3697 is
702 3631 878 3699 commode
919 3633 1074 3724 praebuit
1107 3630 1297 3722 Lipsiensis,

218 3745 312 3836 nihili
343 3746 514 3813 faciendae
547 3745 686 3813 aliorum
724 3747 934 3840 quorundam
970 3748 1158 3812 criticorum
1192 3771 1299 3837 nugae

219 3863 303 3929 sunt
354 3861 509 3929 Bacchid.
535 3864 576 3945 V,
605 3869 636 3942 t,
667 3861 727 3930 14:

316 3975 376 4047 Me
403 3977 465 4044 hoc
487 3973 612 4044 uc'tatis
636 3971 827 4069 ludificari,
862 3981 962 4041 immo
984 3971 1104 4067 edepol
1127 3981 1177 4042 sic
1200 3975 1299 4042 iudos

799 4089 962 4178 frictum:

220 4210 275 4274 ubi
310 4210 344 4273 in
377 4211 556 4275 Decurtato
594 4227 735 4274 erratum
769 4226 817 4282 cst
842 4205 949 4276 ludos.
1016 4206 1228 4272 lilenuechrn.
1254 4207 1298 4284 II,

221 4326 256 4403 3,
280 4320 343 4390 54:

258 4489 263 4500 .
317 4439 396 4505 Idm
420 4432 472 4502 nte
496 4436 617 4502 artabo
643 4431 761 4502 desine
794 4435 890 4501 ludos
907 4433 1036 4522 jiicere
1067 4454 1169 4528 utque
1195 4440 1208 4500 i
1232 4437 1299 4500 itae

807 4546 933 4616 mecum
957 4551 1056 4616 εἰηιαί
1066 4577 1074 4614 .·

222 4669 345 4736 rectius
372 4669 458 4732 enirn
485 4693 550 4742 nte,
569 4665 660 4761 quod
685 4668 726 4734 ab
755 4669 907 4734 omnibus
930 4665 1024 4733 libris
1048 4668 1151 4746 abest,
1178 4667 1304 4733 Grute-
