2820 5332
221 654 297 728 444
445 685 514 727 vm.
540 682 582 725 oc
606 682 754 725 ranaxro
777 680 947 726 scenanvu
973 680 1095 724 oaoxnn

223 856 258 920 in
284 855 415 950 reliqua
456 860 680 925 Romanorum
715 855 888 924 comoedia
922 874 1003 924 tum·
1023 857 1057 921 in
1095 855 1159 922 hae
1197 851 1314 922 sabula

224 971 377 1037 vestibuli
401 996 478 1037 usus
507 991 558 1038 est
586 991 621 1038 ct
644 971 708 1038 late
734 990 869 1064 patens:
897 996 997 1063 quem
1017 971 1126 1037 sinon
1143 972 1220 1037 satis
1240 973 1316 1037 ani-

224 1087 417 1169 madvertas,
443 1113 544 1182 saepe
566 1087 623 1153 fiat
645 1107 680 1154 ut
705 1090 773 1155 sive
800 1106 921 1180 poetae
939 1086 1113 1153 artificium
1137 1089 1207 1152 sive
1228 1112 1316 1154 con-

224 1202 297 1268 silia
323 1229 543 1295 personarum
570 1228 686 1296 parum
712 1204 911 1296 perspicias.
963 1199 1064 1268 Velut
1089 1201 1181 1295 qood
1209 1204 1314 1270 Most.

225 1318 267 1394 ΙΙ,
297 1323 313 1385 1
343 1318 379 1383 fit
404 1319 608 1396 convivium,
642 1315 679 1382 id
705 1343 781 1384 com
806 1341 873 1383 ooo
898 1319 933 1381 in
958 1314 1096 1383 aedibus
1123 1316 1222 1396 fieri,
1250 1314 1314 1383 sed

218 1450 303 1499 ante
329 1432 430 1499 aedes
453 1460 501 1498 vv.
528 1428 585 1501 47.
612 1434 669 1500 50.
687 1433 814 1503 5458.
839 1433 886 1501 78
909 1430 1061 1510 doceant,
1090 1432 1145 1496 nbi
1172 1431 1313 1498 taudem

223 1547 287 1613 nisi
303 1549 338 1612 in
364 1546 528 1614 vestibulo
544 1547 664 1612 haberi
689 1547 924 1640 cogitabisi-
936 1545 1063 1629 Quodsi
1076 1548 1187 1639 pergis
1208 1572 1316 1639 quae·

224 1658 345 1741 sendo,
377 1686 436 1758 cor
461 1660 541 1727 illuc
563 1662 617 1727 isti
641 1686 678 1728 se
705 1660 829 1727 servoli
857 1663 1060 1752 receperint,
1088 1663 1164 1726 satis
1189 1661 1310 1728 hoceo

227 1801 323 1843 versu
341 1776 561 1876 significatur,
587 1777 645 1869 qui
672 1776 805 1842 ultimus
829 1794 879 1842 est
904 1793 978 1843 onte
1005 1773 1185 1855 1v‚o,‘24:
1209 1795 1311 1845 cauto

226 1913 309 1983 opos
335 1906 406 1966 est,
439 1915 482 1955 ne
508 1891 572 1956 huc
597 1906 702 1955 exeat
726 1895 785 1983 qui
810 1891 896 1954 male
923 1915 975 1954 me
1002 1891 1133 1955 mulcet.
1194 1895 1309 1985 'sergo

226 2006 325 2097 igitur
350 2029 410 2072 suo
437 2007 620 2072 Pireuiscus
646 2007 775 2071 metuit:
803 2004 894 2097 qood
923 2007 979 2096 qui
1006 2022 1117 2098 potest
1141 2007 1176 2070 in
1203 2022 1310 2072 tutum

228 2122 351 2187 certius
388 2123 543 2212 recipere
579 2147 679 2212 quam
703 2118 822 2210 angulo
850 2119 988 2213 aliquo,
1026 2122 1060 2185 in
1093 2145 1160 2213 quo
1194 2120 1309 2201 latitet,

227 2236 416 2327 occupato?
466 2237 519 2301 An
542 2259 639 2309 vero,
666 2238 757 2328 'qoi,
784 2235 867 2328 quid
894 2261 964 2302 mos
989 2235 1161 2303 comodiae
1187 2237 1313 2331 flagitet

159 2341 165 2355 ’
225 2368 258 2418 ct
283 2368 436 2418 constans
466 2350 571 2417 Plauti
598 2350 819 2431 cousuetudo,
846 2352 1067 2444 perspexerit,
1092 2351 1177 2418 illud
1202 2354 1335 2444 ipsum.

227 2465 353 2534 latendi
379 2466 552 2536 consilium
576 2465 692 2533 credat
720 2467 938 2560 significatum
964 2469 1076 2560 potius
1102 2495 1120 2533 a
1145 2468 1309 2535 Phanisco
1362 2541 1373 2559 χ

229 2608 301 2650 esse
331 2609 430 2676 quam
456 2581 564 2676 planis
592 2583 702 2648 verbis
730 2584 958 2649 enuntiatum?
1016 2584 1114 2667 Quod
1143 2609 1216 2650 curn
1238 2584 1312 2649 fieri

229 2700 377 2791 potuisse
405 2696 613 2766 confidenter
638 2722 734 2791 nego,
762 2717 829 2764 tum
853 2698 948 2764 huius
968 2699 1188 2766 confidentiae
1202 2699 1313 2767 habeo

231 2814 321 2881 unde
348 2815 568 2883 certissimum
591 2813 833 2880 firmamentum
847 2832 968 2908 petam.
1020 2817 1170 2909 Namque
1184 2815 1315 2907 aliquid

224 2949 310 3023 ¹post
336 2956 391 3008 ea,
430 2954 515 3022 quae
538 2927 653 3008 attuli,
690 2932 792 2996 verba
825 2931 988 2999 excidisse
1015 2933 1078 2997 iam
1105 2934 1147 2997 ita
1173 2929 1316 2997 demon-

231 3046 353 3124 strabo,
380 3063 415 3111 ut
440 3070 576 3136 prorsus
601 3046 720 3110 omissa
750 3045 791 3111 de
818 3072 989 3113 scenarum
1016 3030 1136 3114 ordine
1156 3049 1314 3114 actionis·

232 3186 298 3253 que
324 3161 507 3227 rationibus
533 3162 727 3251 quaestione
743 3162 895 3229 Plrenisci
922 3167 1106 3230 orationem
1123 3180 1314 3243 extremam,

233 3275 338 3368 qualis
365 3274 499 3342 tandem
526 3277 567 3341 sit
582 3300 693 3368 perse
717 3294 875 3369 spectata,
899 3281 1071 3346 excutiam.
1124 3281 1182 3346 Est
1203 3297 1313 3345 autem

233 3391 320 3458 illius
349 3392 382 3455 in
408 3394 531 3458 Vetere
559 3390 677 3457 codice
703 3391 784 3457 indc
807 3419 825 3458 a
851 3395 909 3474 IV,
937 3395 1028 3475 219
1055 3395 1139 3461 haec
1164 3396 1312 3487 species:

330 3508 427 3571 Heus
454 3512 566 3600 ecquis
591 3505 646 3570 laic
671 3525 722 3573 est
744 3514 926 3575 murimam
949 3514 1007 3602 qui
1030 3512 1082 3577 lais
1108 3514 1272 3577 iniuriam

331 3622 476 3689 Foribus
498 3620 694 3710 defendat?
726 3624 862 3717 hecquis
887 3632 1000 3718 eequis
1025 3627 1090 3693 lane
1114 3632 1187 3693 exit
1211 3643 1314 3720 atque

729 3744 866 3835 operit?

331 3856 439 3922 Nemo
466 3856 547 3924 ltine
575 3859 708 3952 quidem
734 3862 844 3947 foros
883 3863 964 3925 exit.
999 3877 1037 3924 ut
1068 3885 1140 3924 esse
1170 3860 1315 3926 addecet

729 4000 874 4070 nequam
900 3975 1052 4041 homiues
1078 3980 1128 4042 ita
1153 3993 1246 4042 sunt,

337 4085 409 4154 Sed
433 4113 473 4153 eo
500 4094 610 4181 magis
635 4108 735 4157 cauto
771 4108 822 4157 est
848 4115 929 4183 opus
964 4093 1018 4159 Ne
1042 4091 1106 4157 laur
1132 4109 1233 4157 exeat
1260 4093 1331 4183 qui'

727 4207 815 4272 necle
841 4231 893 4271 me
919 4207 1049 4273 mulcet.

240 4321 389 4401 Quorum
414 4319 592 4388 nemodum
619 4325 674 4414 qui
702 4325 830 4388 numeri
866 4342 975 4391 essent
1001 4352 1075 4392 cum
1102 4324 1211 4418 aliqua
1238 4353 1320 4420 pro-

130 4498 134 4513 ,
239 4434 410 4502 habilitate
438 4436 580 4504 definire
606 4440 723 4531 potuit.
777 4442 847 4506 Neo
875 4440 945 4505 fieri
971 4440 1037 4508 hoc
1057 4442 1155 4534 prius
1182 4447 1319 4533 poterit,

241 4576 339 4640 quem
365 4550 502 4621 lacunae
521 4554 658 4622 alicuius
685 4554 800 4622 sedem
818 4555 1023 4650 indagaveris
1042 4560 1224 4624 sententiae
1247 4561 1322 4651 qui-

243 4664 319 4733 dem
353 4669 431 4735 vitio
467 4670 558 4738 nullo
592 4671 764 4739 iudicatae.
825 4672 924 4739 Nulla
957 4691 1027 4741 arte
1068 4674 1170 4741 ullum
1199 4676 1322 4768 opinor
