2820 5332
237 671 312 745 546
553 673 595 737 ui.
647 694 688 735 na
716 691 1001 735 raraoaoasarose

243 894 304 936 nes
330 892 382 933 nte
407 890 471 957 pro
502 865 595 954 Quos
617 887 725 956 penes
751 866 829 936 mei,
857 880 891 927 et
916 866 978 926 mis
1003 884 1067 952 pro
1089 864 1184 927 meis.
1231 859 1335 943 Quod

242 1009 316 1052 aum
349 982 486 1047 fuissem
517 980 575 1072 qui
606 981 786 1071 genitivum
820 979 1123 1069 interpretarentur
1159 1001 1222 1067 pro
1263 981 1337 1041 mei

240 1100 403 1192 positum:
440 1094 476 1161 id
511 1113 602 1161 recte
636 1110 830 1186 aspernatus
866 1091 1043 1159 Goellerus
1079 1115 1181 1182 pravo
1220 1112 1333 1158 tamen

243 1214 366 1280 iudicio
395 1214 427 1276 in
456 1236 496 1276 eo
524 1211 634 1288 utitur,
658 1208 749 1302 quod
775 1209 834 1274 has
862 1208 983 1274 formas
1009 1233 1027 1272 a
1049 1206 1164 1273 Plauto
1193 1211 1334 1273 cannino

242 1329 365 1398 alienas
400 1327 498 1394 dicit:
542 1352 680 1418 quarum
725 1323 776 1391 vel
812 1326 846 1388 in
881 1326 1076 1389 Trinummo
1112 1324 1334 1389 certissimum

244 1442 433 1535 exemplum
461 1469 502 1508 ea·
526 1442 748 1509 Ambrosiano
772 1438 890 1507 codice
917 1438 1044 1530 prodiit
1070 1439 1111 1514 ΙΙ,
1138 1440 1169 1515 2,
1196 1441 1261 1509 62:

344 1554 389 1627 'V
396 1574 409 1622 t
435 1562 484 1625 ito
510 1573 544 1621 te
570 1550 716 1621 alioriim
741 1559 950 1629 miserescat,
976 1548 1019 1617 nd
1042 1557 1097 1618 tis
1122 1546 1208 1618 citios
1228 1550 1332 1620 mise-

830 1685 915 1735 reat.

242 1792 282 1856 V.
309 1786 332 1856 4
360 1815 378 1885 e
405 1787 628 1854 Palatinorum
655 1788 820 1878 scriptura
847 1784 938 1851 urbis
964 1766 1063 1851 cumb
1088 1785 1153 1872 (vel
1170 1784 1332 1871 cumam),

245 1930 329 1999 quae
356 1903 503 1996 syllabae
529 1929 547 1967 a
575 1901 798 1969 deterioribus
832 1900 927 1967 libris
954 1903 1083 1981 absunt,
1108 1927 1177 1969 non
1202 1902 1330 1968 felicis·

244 2025 327 2090 simo
366 2042 521 2086 successu
556 2016 611 2083 alii
646 2017 707 2083 alia
741 2018 954 2083 effinxerunt:
998 2017 1155 2111 urbisque
1192 2023 1330 2083 moenia

245 2137 456 2205 Camerarius
482 2135 633 2199 inusitata
659 2134 834 2217 sententia3
861 2131 952 2199 urbis
979 2158 1101 2200 cunam
1123 2134 1199 2201 satis
1227 2135 1329 2201 mira·

244 2250 360 2317 biliter
383 2250 536 2328 Botbius,
573 2245 689 2313 urbem
725 2247 867 2314 Cumam
891 2248 940 2328 is,
973 2273 1073 2341 quem
1100 2273 1167 2315 non
1193 2248 1333 2343 vigilan-

246 2385 332 2438 tem,
359 2363 418 2430 sed
450 2362 684 2430 dormitantem
710 2367 1003 2457 somniantemque
1029 2384 1159 2432 veteres
1184 2367 1331 2458 scripto-

250 2507 306 2549 res
346 2498 486 2548 tractare
520 2481 584 2546 boc
617 2483 727 2572 ipsum
770 2480 961 2573 exemplum
999 2481 1112 2548 docet:
1152 2499 1332 2574 praeterea

248 2598 430 2688 asperrimo
459 2612 600 2687 uterque
627 2596 732 2679 hiatu3
761 2612 863 2686 atque
888 2596 1003 2662 orbem
1029 2621 1131 2688 usque
1156 2601 1193 2661 iu
1219 2621 1331 2661 meam

249 2713 468 2778 Hermaunns.
521 2711 563 2775 Et
595 2708 710 2775 urbem
742 2735 844 2803 nsque
873 2735 933 2804 ego
956 2736 1091 2804 quoque
1113 2714 1148 2777 in
1170 2710 1230 2776 urb
1258 2715 1330 2778 iscu

250 2825 386 2893 latuisse
407 2846 509 2918 putor
533 2824 595 2891 sed
614 2850 653 2891 ex
668 2823 786 2890 iisdem
803 2825 844 2890 cri
868 2824 985 2892 litteris
1009 2851 1082 2892 cum
1102 2829 1255 2919 proxima
1276 2829 1333 2893 mo

249 2941 377 3034 syllaba
410 2943 540 3008 sociatis
574 2939 664 3005 band
695 2943 763 3006 scio
800 2965 841 3006 an
878 2940 1097 3033 probabiliter
1130 2944 1333 3008 incolumem

250 3060 314 3123 iam
342 3057 528 3123 Gronovius
555 3056 694 3134 eruerit,
721 3057 754 3120 in
782 3055 874 3148 qnod
900 3057 1218 3126 Windischmannus
1245 3085 1331 3153 quo-

249 3197 316 3264 que
343 3171 461 3238 incidit
484 3173 569 3237 Mus.
597 3172 698 3236 Rben.
728 3173 752 3249 l,
781 3198 814 3264 p.
843 3174 923 3250 118,
950 3177 1041 3239 cuius
1066 3193 1173 3240 tamen
1200 3175 1330 3268 reliqna

251 3286 430 3379 disputatio
455 3287 520 3352 fine
548 3286 679 3352 excidit.
733 3289 789 3353 Est
814 3289 921 3368 enim,
950 3291 976 3356 si
1004 3288 1086 3382 quid
1112 3290 1233 3368 video,
1277 3292 1332 3358 hic

250 3401 344 3469 locus
373 3429 412 3467 ex
439 3428 555 3468 eorum
581 3401 802 3481 multitudine,
829 3403 863 3467 in
889 3405 1010 3496 quibus
1039 3405 1252 3497 periculorum
1277 3405 1343 3471 lit--

253 3535 396 3582 terarum
419 3517 582 3610 reliquiae
620 3518 747 3585 indicio
783 3519 985 3612 integrarum
1016 3546 1132 3587 vocum
1167 3541 1251 3587 suut.
1283 3556 1333 3569 ·-

254 3633 342 3699 V.5
378 3657 442 3724 ego
469 3631 599 3699 addidit
631 3634 770 3726 quidem
797 3635 1026 3717 Camerarius,
1062 3635 1122 3704 sed
1158 3639 1334 3706 addidite

253 3747 422 3814 Palatinis:
450 3775 589 3843 quorum
618 3749 870 3817 collocationem
896 3754 1072 3819 verborum
1091 3778 1155 3844 ego
1174 3757 1336 3847 Nepttrue

253 3861 320 3928 tibi
343 3863 425 3950 (nisi¹
446 3863 539 3957 quod
565 3867 647 3931 miro
671 3889 784 3932 errore
811 3890 919 3959 sieque
944 3885 1022 3959 post
1046 3892 1110 3957 ego
1138 3871 1337 3938 Decurtatus

252 3978 381 4064 inserit)
405 3983 457 4046 vix
485 3979 600 4046 dubito
624 3979 703 4071 quin
725 3981 958 4074 significantius
986 4007 1059 4048 cum
1075 3985 1193 4051 Botluo
1220 3987 1264 4051 ita
1291 3990 1338 4053 nti

254 4100 416 4174 fecimus,
451 4122 550 4188 quam
578 4096 625 4161 sic
652 4099 796 4190 corrigas
830 4123 902 4163 cum
939 4099 1148 4166 Hermanno:
1182 4125 1248 4192 ego
1278 4105 1344 4170 tibi

253 4216 433 4304 Neptnue;
466 4236 653 4303 quanquam
688 4228 835 4303 unoque
857 4236 934 4277 sane
959 4213 1059 4280 modo
1092 4214 1168 4293 tibi,
1202 4219 1237 4282 in
1268 4245 1339 4311 quo

255 4328 301 4392 vis
330 4344 379 4392 est
405 4327 598 4402 sententiae,
626 4324 740 4390 fortius
763 4325 957 4406 intenditur,
983 4330 1052 4395 sive
1070 4329 1151 4395 illud
1172 4333 1240 4397 ictu
1262 4360 1342 4400 ver-

253 4465 307 4508 sus
341 4443 486 4520 acuitur,
520 4441 589 4506 sire
623 4441 664 4505 ab
699 4443 790 4507 initio
823 4445 981 4509 enuntiati
1015 4447 1159 4537 ponitur.
1214 4448 1338 4516 Eidem

196 4606 198 4611 ,
254 4557 445 4624 Hermanno
471 4560 582 4646 gratis
610 4554 751 4624 debetur
776 4581 838 4650 pro
864 4564 1007 4648 gratias.
1034 4596 1078 4608 --
1117 4563 1154 4632 V.
1183 4562 1207 4630 6
1232 4581 1341 4659 atque

253 4671 408 4739 inlibris
439 4691 512 4740 ante
543 4671 653 4739 avidis
683 4674 842 4741 insertum
875 4699 949 4741 cum
974 4677 1091 4744 Bothio
1127 4678 1338 4751 sustulimus:
