2820 5332
237 729 286 800 62
583 749 615 792 u.
638 750 681 794 os
708 750 836 797 arrasa
863 743 990 794 rervm.

234 939 321 998 sot,
343 921 491 989 seribere
513 920 655 1003 fabulas
680 920 839 987 solitus
870 945 915 988 ae
935 919 1095 989 vendere.
1147 919 1237 987 Illud
1263 922 1324 1013 igi-

235 1056 289 1104 tar
315 1040 342 1103 si
368 1057 528 1116 tenemus,
552 1045 598 1102 ne
625 1036 670 1102 de
698 1061 815 1103 eorum
844 1035 985 1130 quidem
999 1038 1174 1116 serrantia,
1202 1037 1326 1128 quibus
1378 1051 1381 1058 '

234 1153 323 1220 eirca
345 1177 467 1217 annum
494 1153 564 1225 537
591 1154 626 1217 in
649 1151 822 1242 publicum
842 1151 999 1243 prodisse
1026 1169 1124 1244 poeta
1149 1153 1244 1218 visus
1265 1169 1326 1230 est,

232 1284 346 1360 potest
368 1285 448 1359 post
471 1293 500 1338 a⁴
526 1269 597 1337 507
623 1284 718 1332 natus
747 1290 830 1333 csse.
880 1269 923 1332 Et
952 1285 1063 1332 tamen
1087 1290 1151 1334 nee
1177 1265 1248 1333 ullo
1272 1290 1327 1331 sr-

233 1398 391 1474 gumento
425 1400 554 1449 constat
578 1383 618 1447 iis
644 1381 774 1459 sabulis,
811 1405 899 1473 quae
926 1383 1141 1473 superstitum
1163 1383 1327 1474 antiquis-

232 1497 335 1561 simae
361 1497 548 1576 habentur,
583 1519 651 1562 non
689 1493 852 1562 exstitisse
880 1496 977 1562 etiam
1004 1497 1210 1589 antiquiores
1234 1520 1328 1564 eom-

231 1607 365 1700 plures,
399 1627 434 1676 et
463 1633 543 1677 vero
576 1629 647 1677 tres
672 1610 842 1675 etiamtum
864 1611 900 1674 in
922 1608 1064 1702 pistrino
1088 1611 1232 1702 scriptas
1251 1611 1325 1701 ipse

233 1722 363 1790 Gellius
385 1742 531 1794 testatur.
582 1704 640 1790 Eo.
667 1725 768 1818 igitur
804 1723 980 1790 similiores
1005 1726 1076 1791 veri
1100 1742 1232 1791 nostros
1260 1725 1329 1791 cal-

237 1835 329 1903 culos
343 1837 712 1930 putamussecundum
731 1862 816 1931 quos
830 1836 1021 1903 Plautus
1048 1840 1169 1905 eirca
1195 1839 1328 1930 ipsum

233 1951 406 2018 initium
427 1952 601 2020 saccali
624 1955 732 2020 sexti
757 1971 888 2033 natus,
906 1951 1035 2018 fabulas
1061 1951 1185 2019 docere
1201 1975 1334 2047 eoepe-x

233 2068 278 2133 rit
295 2068 368 2133 sere
392 2069 598 2148 tricenarius,
631 2067 714 2135 inde
736 2069 778 2134 ab
805 2092 846 2135 eo
871 2084 982 2133 autem
1005 2086 1159 2161 tempore
1186 2094 1253 2161 per
1274 2071 1327 2134 in-

235 2199 365 2275 tegrum
391 2181 592 2249 decennium
619 2207 685 2248 una
711 2206 786 2248 cum
810 2182 1025 2275 Scipionibus
1058 2181 1124 2248 illis
1149 2184 1280 2264 viserit,
1308 2208 1327 2249 e

235 2321 379 2389 quorum
416 2316 523 2364 aetate
554 2315 686 2364 nostrae
725 2296 1019 2389 argumentationis
1052 2315 1182 2390 partem
1215 2317 1328 2391 aptam

236 2435 308 2478 esse
334 2409 507 2480 voluimus.

740 2527 770 2615 §-
797 2529 830 2598 a.

334 2639 589 2726 percommode‘
609 2677 719 2724 autem
748 2658 871 2724 accidit
897 2657 998 2751 quod,
1028 2683 1110 2751 quas
1137 2655 1228 2755 apud
1252 2659 1331 2752 plu-

235 2775 339 2840 rimos
371 2772 503 2842 relictas
540 2796 611 2839 esse
645 2771 808 2866 plurimas
835 2773 1063 2841 dubitationes
1085 2771 1331 2865 praevidemus,

236 2912 290 2955 eas
315 2887 474 2955 radicitus
501 2887 648 2956 evellere
687 2887 743 2955 tali
769 2908 966 2980 argumento
994 2887 1085 2970 lieet,
1111 2914 1179 2981 quo
1204 2914 1331 2969 corum,

237 3027 324 3095 quae
348 3005 446 3068 nobis
471 3002 627 3069 videmur
654 3002 806 3094 diligenti
833 3002 1039 3095 singulorum
1065 3004 1333 3071 testimoniorum

238 3100 417 3183 collatione
445 3116 581 3195 eruisse,
607 3119 728 3182 veritas
752 3140 890 3208 prorsus
919 3117 1088 3186 eviueuttu·
1118 3135 1152 3184 et
1176 3118 1217 3183 ab
1243 3118 1333 3184 omni

239 3247 337 3322 parte
355 3230 606 3298 corroboretur.
631 3231 763 3296 Etenim
788 3230 1050 3298 Pseudolum
1075 3248 1208 3324 aposta
1229 3255 1332 3296 sene

239 3345 356 3412 factam
382 3344 560 3411 Ciceronis
585 3344 688 3411 verba
708 3343 840 3424 docent,
865 3343 908 3410 de
932 3344 1054 3438 quibus
1071 3366 1171 3436 supra
1187 3342 1333 3412 dictum:

240 3478 345 3526 actam
370 3477 479 3525 autem
507 3481 578 3525 esse
611 3482 638 3524 a.
665 3458 736 3528 562
773 3461 848 3525 satis
875 3461 941 3525 iam
976 3477 1067 3526 extra
1094 3455 1335 3526 dubitationem

239 3575 386 3664 positum
401 3556 466 3638 est.
518 3569 638 3637 Senem
672 3590 969 3666 autemnegamus
1007 3592 1199 3665 quenquam
1226 3572 1334 3639 dicia

241 3687 408 3753 Cicerone
433 3687 603 3779 potuisse,
639 3687 696 3779 qui
733 3710 776 3752 ne
804 3688 1036 3778 sexagenarius
1063 3687 1203 3780 quidem
1231 3703 1337 3754 esset:

240 3797 277 3864 id
301 3798 394 3892 quod
415 3800 691 3892 ipsiusVarronis
718 3797 810 3892 apud
825 3800 1002 3867 Censorin.
1030 3798 1063 3866 d.
1090 3798 1146 3866 die
1172 3816 1237 3865 nat
1253 3825 1279 3866 c.
1294 3797 1338 3868 14

241 3917 436 3982 auctoritate
463 3915 653 3982 confirmari
678 3932 799 4008 potest
849 3914 896 3983 Vt
920 3912 1073 4006 prolecto
1104 3936 1172 3982 non
1198 3914 1338 3980 habeam

242 4054 309 4122 quo
348 4054 423 4096 enm
449 4027 662 4120 redarguam,
698 4030 757 4121 qui
794 4028 846 4096 rel
880 4027 966 4094 ultra
1006 4044 1134 4095 sextum
1165 4025 1337 4096 saeculum

241 4144 349 4213 Plauti
372 4142 496 4210 natales
521 4144 667 4209 reiiccre
694 4144 840 4208 animum
868 4140 1048 4213 induxerit.
1075 4139 1122 4226 ΙΙ).
1164 4140 1254 4227 Quid
1280 4166 1339 4208 au-

243 4277 322 4339 tem,
349 4258 502 4353 quodne
524 4257 610 4323 illud
629 4256 768 4353 quidem
786 4257 896 4322 adhuc
911 4255 1223 4336 animadverterunt,
1239 4282 1339 4353 prot·-

243 4399 297 4442 sus
323 4371 359 4439 id
385 4376 575 4441 seiunctum
600 4373 642 4436 ab
667 4388 759 4437 actae
787 4370 947 4439 Pseudoli
966 4389 1130 4468 tempore,
1158 4371 1253 4468 quod
1267 4373 1341 4439 seni

466 4543 540 4553 uo·—

298 4627 324 4693 ⁴)
345 4624 385 4677 Aa
400 4589 478 4678 rideo
496 4620 564 4681 uano
581 4629 684 4681 circiter
703 4626 756 4681 490
786 4629 927 4694 slleyero
957 4626 1036 4681 tribui
1061 4642 1120 4680 aaa.
1149 4628 1176 4678 ln
1193 4624 1249 4678 Cic.
1270 4626 1339 4680 Brut.

349 4727 376 4780 p.
393 4713 437 4769 6¹.
