2820 5332
156 637 229 712 602
500 663 529 708 n
575 663 616 704 ns
640 662 768 710 aestuo
796 654 899 710 nxtsv

154 837 230 903 satis
254 853 331 928 apte
355 831 503 927 proferri
527 824 678 927 apparet,
704 850 815 904 tamen
835 824 877 900 'id
897 834 1020 926 ipsum,
1043 831 1146 928 quod
1176 836 1257 904 Da-

153 976 211 1019 vus
244 950 356 1018 facere
389 946 574 1017 Charinum
601 951 768 1030 iusserat,
805 973 874 1019 non
905 950 982 1023 fieri
1013 951 1137 1019 misum
1177 972 1260 1022 est:

154 1088 265 1160 neque
292 1067 381 1133 enim
406 1067 529 1158 gratiae
556 1065 645 1137 ullae
668 1082 818 1160 aguntur.
855 1067 961 1152 Quam
985 1090 1060 1134 rem
1083 1070 1112 1134 si
1132 1093 1154 1134 ο
1175 1093 1260 1137 mo-

153 1183 245 1250 ribus
270 1182 495 1250 Romanorum
520 1182 711 1263 hominum,
746 1181 861 1276 quales
895 1182 1015 1251 comici
1039 1208 1260 1278 repraesen-

154 1316 280 1377 tarunt,
305 1299 536 1379 aestimamus,
563 1299 669 1366 omitti
692 1296 787 1367 nullo
812 1293 915 1368 modo
941 1297 1092 1370 decebat
1147 1299 1258 1369 Alte·

155 1437 230 1480 snm
253 1414 319 1483 hoc
342 1433 401 1495 est,
428 1412 521 1508 quud
546 1438 631 1509 qnae
658 1431 727 1485 tum
749 1414 910 1510 deinceps
935 1431 1075 1509 aguntur
1100 1431 1176 1503 tum
1206 1441 1256 1485 ex

48 1584 51 1589 4
155 1547 251 1621 parte
274 1532 373 1597 etiam
397 1549 508 1611 autea,
542 1555 612 1598 non
638 1532 717 1601 satis
739 1549 963 1602 consentanea
989 1556 1062 1598 esse
1087 1530 1257 1626 reliquae

107 1675 111 1686 ·
155 1643 287 1716 fabulae
317 1663 512 1738 argumento
539 1645 705 1715 videntur.
768 1646 853 1713 Nam
887 1663 921 1712 et
945 1645 1038 1739 qnod
1064 1672 1092 1714 v.
1121 1648 1148 1714 5
1174 1672 1251 1716 uon

142 1761 221 1852 ,athi
248 1784 369 1832 novam
403 1786 477 1830 esse
507 1764 603 1831 istam
643 1761 877 1832 condicionem
908 1761 1072 1834 Chremes
1105 1764 1171 1844 ait,
1194 1750 1252 1834 'et

158 1873 252 1968 quod
283 1878 388 1945 amice
419 1900 455 1944 ae
477 1879 617 1947 antehac
651 1903 724 1944 esse
750 1877 923 1945 Chremeti
946 1872 1096 1945 habitum
1121 1878 1250 1950 Chari-

157 2014 219 2057 nus
242 1989 323 2061 dicit
345 2019 374 2059 v.
399 1993 454 2072 15,
481 2010 515 2062 et
539 1991 632 2087 quod
656 1994 730 2086 ipso
750 1992 915 2064 Chremes
941 2017 972 2061 v.
989 1996 1034 2066 18
1059 2012 1170 2063 semet
1192 2012 1248 2064 te-

158 2124 261 2175 statur
287 2108 349 2175 etsi
374 2107 519 2177 alienum
538 2108 720 2178 aCha1·ino
747 2125 859 2178 tamen
884 2109 993 2202 magni
1011 2133 1149 2201 semper
1164 2133 1247 2181 eum

158 2220 290 2291 secisse:
317 2223 437 2292 horum
461 2226 610 2294 omnium
634 2225 669 2292 in
695 2224 767 2317 ipsa
788 2222 900 2290 fabula
924 2223 1009 2292 adeo
1032 2222 1162 2294 nullum
1184 2249 1247 2292 ve·

159 2337 292 2432 stiginm
317 2355 430 2419 exstat,
454 2358 555 2409 utne
577 2339 643 2408 hoo
669 2338 818 2432 quidem,
844 2365 924 2410 num
950 2340 1083 2408 omnino
1106 2342 1245 2408 noverit

161 2452 329 2522 Chremes
355 2453 548 2535 Charinum,
573 2454 629 2523 vel
654 2479 720 2523 uuo
746 2455 853 2523 verbo
876 2455 1088 2548 significetur.
1137 2453 1246 2541 Quod

157 2567 268 2660 ipsum
293 2595 361 2640 non
383 2571 571 2639 dubitamus
596 2570 679 2637 inde
694 2589 859 2665 repetere,
887 2569 980 2665 quod
1000 2571 1136 2640 Charini
1158 2596 1242 2663 par-

159 2698 210 2750 tes
231 2687 397 2756 universas
423 2686 543 2757 latinus
567 2706 668 2780 poeta
695 2711 763 2754 non
792 2712 809 2755 e
836 2687 968 2755 Graeco
995 2685 1150 2778 exemplu
1174 2703 1245 2752 tra-

162 2795 275 2882 duxit,
305 2802 367 2874 sed
401 2802 576 2872 translatae
608 2829 626 2870 a
650 2828 686 2872 se
709 2802 928 2870 Menandriae
952 2801 1083 2872 fabulae
1109 2800 1155 2870 de
1181 2828 1245 2872 suo

161 2915 310 2988 addidit:
335 2918 372 2989 id
398 2918 491 3012 quod
512 2921 647 2988 Donato
673 2917 759 2989 duce
780 2917 947 2986 subtiliter
971 2937 1170 3011 persecutus
1193 2934 1247 2986 cst

161 3033 343 3104 Grauertus
368 3034 486 3128 p.193
501 3033 621 3132 sqq.*)
653 3033 723 3103 Sed
749 3051 785 3104 ut
806 3060 854 3113 ea,
882 3058 1026 3127 quorum
1050 3033 1182 3104 nullum
1207 3035 1246 3100 in

161 3148 233 3241 ipsa
259 3149 370 3219 fabula
391 3150 570 3232 indicium,
600 3169 756 3244 tanquam
787 3150 940 3217 omuibus
964 3168 1040 3216 nota
1066 3150 1102 3215 in
1129 3149 1248 3220 ultima

161 3287 260 3331 scena
292 3285 650 3347 commemorarentur,
690 3263 727 3332 id
759 3287 837 3333 vero
871 3289 940 3335 non
974 3263 1176 3331 adducimur
1209 3282 1248 3331 ut

164 3384 367 3451 commisisse
393 3383 589 3456 Terentium
612 3380 802 3460 credamus,
841 3381 899 3472 qui
931 3405 1057 3447 summa
1078 3397 1152 3450 arte
1178 3380 1249 3445 sin-

161 3495 253 3589 gulas
289 3496 474 3566 fabularum
508 3516 619 3596 partes
651 3497 794 3564 invicem
827 3496 891 3563 sihi
920 3493 1038 3560 relatas
1073 3495 1247 3585 aptissime

160 3629 298 3679 nectere
323 3610 439 3681 soleat.
491 3615 707 3706 Quapropter
743 3637 818 3679 cum
850 3635 953 3703 saepe
986 3611 1146 3702 repetitas
1176 3612 1248 3679 Te-

161 3729 327 3796 rentianus
350 3727 476 3799 sabulos
505 3728 602 3799 etiam
618 3744 751 3796 mortuo
773 3744 874 3817 poeta
900 3742 1037 3804 constet,
1065 3748 1106 3791 eo
1132 3725 1247 3817 potius

161 3841 300 3913 inclinat
331 3845 476 3923 animus,
510 3863 546 3914 ut
578 3868 640 3937 per
663 3839 825 3910 eiusmodi
860 3840 1072 3906 occasionem
1098 3838 1246 3932 aliquam

161 3956 246 4026 alius
268 3977 400 4051 poetae,
427 3958 490 4027 sed
516 3959 606 4031 haud
629 3957 733 4025 multo
758 3955 965 4051 posterioris,
988 3979 1086 4020 manu
1112 3972 1247 4023 resecto

161 4077 303 4167 pristino
329 4074 461 4143 fabulae
489 4077 578 4144 exitu
602 4100 674 4142 eam
701 4098 837 4141 scenam
862 4071 1024 4141 adiectam
1049 4071 1247 4153 habeamus,

164 4217 229 4284 qua
251 4189 355 4257 levius
380 4193 512 4262 tractari
538 4192 675 4263 Charini
708 4191 840 4284 nuptias
867 4189 1079 4283 querentium
1106 4186 1250 4257 deside-

163 4309 214 4374 rio
238 4307 419 4374 satisfieret.

213 4457 243 4520 u)
263 4453 360 4536 Immo,
372 4453 440 4521 quod
458 4451 562 4536 Channi
614 4459 668 4536 stes
686 4451 825 4537 Terentius·
840 4464 895 4532 non
917 4464 949 4500 ex
970 4447 1067 4500 Andria
1084 4448 1247 4532 'lleuandria

262 4518 1248 4718 tttttgffuflltftitiant?att„t.¹¹tl:0t::l¹'t2t5:

264 4680 316 4716 uae
332 4679 356 4718 a.
429 4667 548 4717 ruitis.

552 4764 850 4782 ffl
