2820 5332
607 719 799 763 nuntronio.
1164 720 1244 762 xxm

156 893 362 983 portium
376 891 508 974 suerit,
533 894 590 980 qui
604 891 692 976 fere
716 887 870 954 oiunibus
883 893 991 955 muisis·
1002 894 1175 982 parasitus
1190 898 1243 959 in-

159 989 319 1059 ducatur.
358 988 385 1053 E
419 989 540 1079 quibus
577 987 820 1054 evidentissime
855 1006 996 1080 apparet
1026 991 1090 1055 iam
1114 1016 1142 1059 a.
1162 991 1245 1076 542,

159 1087 217 1155 vel
252 1089 279 1154 si
317 1086 514 1179 Capitonem
550 1089 730 1179 sequimur,
765 1085 848 1153 adeo
883 1112 911 1156 a.
947 1085 1013 1156 541
1048 1088 1081 1153 b.
1114 1116 1143 1156 e.
1169 1091 1244 1183 ipso

158 1188 310 1280 primum
336 1186 560 1253 institutorum
572 1184 817 1278 Apollinarium
841 1185 997 1254 ludorum
1013 1212 1099 1253 anno
1120 1187 1247 1256 fabulas

160 1288 198 1352 in
223 1310 324 1353 scena
349 1301 436 1351 actas
465 1308 546 1350 esse.
579 1283 1247 1380 Secundumbaeccor1·igendum,-quod

160 1400 270 1477 pm
294 1385 513 1466 coniecimus3
545 1384 625 1449 item
650 1399 753 1474 μω
778 1410 809 1450 v.
838 1399 881 1457 20
908 1409 969 1477 pro
997 1383 1090 1449 iiicltt
1116 1393 1248 1455 vorstt

162 1482 389 1552 confidentius
436 1481 530 1574 loqui
563 1483 688 1551 licebat
718 1487 782 1548 seit
816 1490 890 1551 541.
914 1518 963 1543 -.
984 1483 1143 1550 Ceterum
1176 1511 1252 1550 cum

160 1582 265 1649 Festo
302 1581 577 1649 eonvenitSerrio
602 1583 637 1646 in
662 1583 745 1648 Aen.
768 1581 859 1658 VIII,
890 1585 973 1649 110⁴.
999 1584 1091 1649 cuins
1118 1586 1250 1648 inAeu.

162 1680 322 1761 111,279
359 1681 573 1748 annotatione
609 1679 725 1746 eadem
764 1678 896 1747 videtur
931 1681 1174 1748 narratiuncula
1206 1680 1250 1746 ad

158 1779 378 1872 Megalenses
410 1777 508 1846 ludos
542 1777 671 1845 referri.
720 1778 793 1846 ,cui
823 1778 963 1845 similem
999 1781 1251 1847 inconstantiam

161 1881 328 1972 tetigimus
354 1907 384 1968 p.
401 1893 474 1956 231,
499 1876 544 1944 de
572 1904 636 1970 qua
660 1877 700 1946 cs.
728 1877 888 1946 Wollium
913 1880 948 1942 in
975 1880 1046 1946 Cic.
1072 1898 1168 1946 oratt.
1192 1881 1250 1946 lv.

163 1975 288 2071 1).de
322 1976 594 2071 Madviginmque
628 1976 753 2069 Opusc.
773 1977 798 2056 I,
830 2003 861 2069 p.
887 1978 955 2046 103
978 2004 1046 2070 sq„
1080 1997 1174 2046 reete
1217 1995 1252 2043 ut

164 2075 300 2145 videtur
325 2074 567 2168 blegaleusium
593 2081 788 2144 memoriam
814 2077 1012 2144 reiicientes.

261 2187 369 2249 2311
387 2199 462 2266 sqq.
475 2173 546 2260 (ubi
566 2201 595 2246 v.
613 2176 656 2242 13
675 2177 716 2240 ab
733 2176 843 2266 operis
863 2195 1035 2267 peccatum
1049 2178 1086 2240 iu
1105 2174 1168 2240 der
1183 2175 1251 2242 Rc-

161 2273 209 2341 de
233 2297 297 2366 pro
322 2272 379 2339 dic
395 2271 504 2358 Bede)
527 2298 625 2364 quam
650 2272 886 2366 explicavimus
910 2275 1251 2342 instauraturum

163 2371 370 2440 Indorum
404 2374 586 2450 notionem,
623 2396 694 2439 eam
727 2372 918 2465 planissime
954 2373 1125 2442 confirmat
1152 2376 1250 2440 etiam

163 2473 256 2539 Festi
290 2469 386 2548 illud,
423 2470 641 2563 quodmodo
668 2473 924 2564 perscripsimus
945 2473 1179 2539 testimonium.
1203 2507 1249 2523 -

164 2569 329 2637 Ibidem
356 2596 432 2637 eum
454 2571 586 2637 brevius
604 2571 854 2662 significaverim
872 2572 1043 2662 pertinere
1064 2572 1250 2638 narratiun-

164 2668 274 2739 culam
306 2667 416 2749 illam,
453 2669 545 2735 cuius
570 2687 723 2736 auctores
748 2672 825 2737 satis
850 2669 1018 2736 habebam
1043 2669 1250 2737 Ciceronem

162 2770 305 2849 Livium,
327 2768 523 2862 Dionysium
549 2793 820 2847 commemorare,
844 2766 885 2834 ad
912 2766 1040 2833 ludos
1067 2769 1250 2847 votivos,

164 2867 202 2936 id
238 2869 281 2934 ita
315 2891 386 2933 esse
416 2865 527 2959 paullo
561 2891 651 2933 nunc
683 2866 815 2958 plenius
848 2865 1084 2932 demonstrabo
1111 2883 1250 2958 propter

164 2965 325 3035 Illerlrelii
345 2966 551 3057 potissimum
572 2963 768 3043 dissensum,
792 2965 987 3055 Dionysium
1012 2964 1161 3056 aliosque
1177 2990 1249 3029 rom

169 3091 233 3133 nou
269 3081 422 3132 accurate
451 3065 625 3155 scripsisse
660 3062 799 3131 dicentis
824 3063 952 3155 Proleg.
979 3065 1013 3129 iu
1037 3063 1135 3130 Ovid.
1160 3065 1248 3130 Fast.

166 3163 329 3257 pCLIX.
379 3165 454 3231 Non
489 3187 566 3229 sane
598 3182 750 3231 accurate
773 3162 967 3229 Macrobius
994 3164 1125 3229 Saturn.
1139 3164 1165 3241 Ι,
1195 3168 1250 3240 Il,

166 3263 354 3331 Lactantius
378 3259 477 3328 divin.
502 3262 603 3328 instit.
617 3262 690 3340 ΙΙ,7
713 3273 747 3329 et
759 3261 955 3328 Plutarchus
973 3260 1142 3327 CorIolani
1158 3287 1185 3326 u.
1202 3263 1249 3330 ‘25

166 3360 408 3455 prodiderunt:
435 3384 578 3452 quornm
604 3360 653 3426 illi
680 3378 804 3426 tantum
824 3357 867 3425 tle
881 3358 1087 3426 circensibus
1104 3358 1251 3450 loquun-

168 3480 232 3542 tur,
264 3461 320 3528 bic
350 3456 460 3527 nullos
486 3460 619 3526 omnino
643 3477 752 3525 certos
778 3455 874 3525 Indos
902 3456 995 3527 dicit.
1046 3456 1118 3526 Sed
1144 3455 1248 3524 multo

168 3561 266 3627 etiam
301 3559 411 3624 minus
446 3576 598 3624 accurate
622 3558 657 3637 ii,
690 3558 812 3650 quibus
841 3557 917 3648 plus
938 3557 1019 3627 fidei
1044 3583 1141 3649 quam
1168 3557 1251 3622 Dio-

164 3660 259 3752 uysIo
284 3657 408 3723 babere
434 3653 618 3723 Merkelins
644 3655 786 3735 videtur,
819 3654 974 3724 Valerius
995 3657 1159 3723 Maximus
1172 3655 1200 3735 I,
1218 3662 1251 3733 7,

166 3757 354 3825 Romdet
376 3755 578 3849 Augustinus
604 3753 647 3821 de
673 3757 757 3823 civit
774 3753 831 3821 dei
847 3755 903 3834 IV,
922 3757 979 3836 96,
1006 3779 1150 3848 quocum
1171 3778 1252 3821 cou-

167 3857 282 3923 venire
302 3853 396 3921 Livio
425 3854 488 3920 sibi
523 3853 693 3945 persuasit
721 3855 825 3946 Atqui
848 3854 989 3934 Livium,
1020 3879 1094 3921 cum
1121 3851 1252 3918 ludos

167 3976 339 4046 magnos
376 3949 468 4033 dicit,
502 3977 671 4045 nunquam
705 3950 793 4019 velle
819 3954 982 4020 Romanos
1008 3951 1157 4043 intelligi,
1190 3948 1254 4015 sed

165 4055 258 4146 ipsos
284 4052 409 4119 votivos
433 4048 543 4127 Indos,
568 4067 678 4140 pono
702 4050 811 4118 docui.
862 4051 903 4117 Id
927 4071 1036 4119 autem
1062 4049 1182 4116 eodem
1198 4073 1252 4114 er-

167 4153 254 4220 roris
284 4174 418 4244 genere,
455 4149 549 4242 quod
582 4148 746 4217 Merkelio
781 4173 856 4218 cum
890 4148 962 4217 aliis
988 4170 1164 4216 commune
1193 4163 1254 4227 est,

170 4249 251 4327 fabo
274 4250 509 4341 interpretatus
524 4249 724 4342 Augustinus
736 4248 911 4315 Romanos
931 4243 1253 4330 commemoravit*).

193 4410 210 4449 l
236 4413 321 4484 unx
344 4411 435 4464 codem
461 4410 542 4475 fonte,
564 4409 633 4479 qnod
652 4409 707 4462 tati
731 4409 842 4479 magni
864 4406 918 4479 (vel
935 4407 1083 4475 macine)
1102 4407 1180 4458 sotici
1196 4422 1255 4458 cuin

272 4499 340 4551 ludis
356 4498 489 4566 sangnis
508 4498 753 4568 (vultuositatis,
777 4504 805 4546 nt
823 4495 877 4548 tn.
892 4495 933 4561 Vl,
945 4495 993 4566 42)
1013 4495 1136 4547 Romanis
1156 4494 1253 4544 misce*

272 4594 370 4650 rantur,
389 4583 479 4637 neseio
499 4598 532 4634 ao
550 4583 656 4637 (luorum
676 4591 810 4652 praeterea
828 4583 980 4649 scriptorum
1000 4595 1101 4632 errores
1118 4579 1253 4646 repetendi

276 4673 338 4737 siut,
355 4673 401 4741 qui
420 4668 525 4739 quidem
543 4671 570 4722 ia
587 4672 739 4724 oenotriam
759 4677 858 4736 partem
872 4669 960 4724 valcat
990 4667 1100 4722 Primum
1119 4668 1255 4736 cius(nam
