<?xml version="1.0" encoding="UTF-8"?>
<!DOCTYPE html PUBLIC "-//W3C//DTD XHTML 1.0 Transitional//EN"
    "http://www.w3.org/TR/xhtml1/DTD/xhtml1-transitional.dtd">
<html xmlns="http://www.w3.org/1999/xhtml" xml:lang="en" lang="en">
 <head>
  <title>
</title>
<meta http-equiv="Content-Type" content="text/html;charset=utf-8" />
  <meta name='ocr-system' content='tesseract 3.04.00' />
  <meta name='ocr-capabilities' content='ocr_page ocr_carea ocr_par ocr_line ocrx_word'/>
</head>
<body>
  <div class='ocr_page' id='page_1' title='image "./parergonplautin01ritsgoog_0626.png"; bbox 0 0 2820 5332; ppageno 0'>
   <div class='ocr_carea' id='block_1_1' title="bbox 299 663 1184 733">
    <p class='ocr_par' dir='ltr' id='par_1_1' title="bbox 299 663 1184 733">
     <span class='ocr_line' id='line_1_1' title="bbox 299 663 1184 733; baseline 0.005 -7"><span class='ocrx_word' id='word_1_1' title='bbox 299 674 310 721; x_wconf 70' lang='lat' dir='ltr'><strong>t</strong></span> <span class='ocrx_word' id='word_1_2' title='bbox 426 687 564 730; x_wconf 78' lang='lat' dir='ltr'><strong>tonum</strong></span> <span class='ocrx_word' id='word_1_3' title='bbox 592 685 833 729; x_wconf 78' lang='lat' dir='ltr'><strong>runnorttum.</strong></span> <span class='ocrx_word' id='word_1_4' title='bbox 1112 663 1184 733; x_wconf 78' lang='lat'><strong>585</strong></span> 
     </span>
    </p>
   </div>
   <div class='ocr_carea' id='block_1_2' title="bbox 98 857 1188 1851">
    <p class='ocr_par' dir='ltr' id='par_1_2' title="bbox 98 857 1188 1851">
     <span class='ocr_line' id='line_1_2' title="bbox 98 857 1182 953; baseline -0.004 -26"><span class='ocrx_word' id='word_1_5' title='bbox 98 881 204 927; x_wconf 88' lang='lat' dir='ltr'><strong>terum</strong></span> <span class='ocrx_word' id='word_1_6' title='bbox 233 862 376 953; x_wconf 82' lang='lat' dir='ltr'><strong>aiiquam</strong></span> <span class='ocrx_word' id='word_1_7' title='bbox 404 861 587 927; x_wconf 78' lang='lat' dir='ltr'>editionum</span> <span class='ocrx_word' id='word_1_8' title='bbox 623 857 699 926; x_wconf 85' lang='lat' dir='ltr'><strong>dici.</strong></span> <span class='ocrx_word' id='word_1_9' title='bbox 759 861 939 924; x_wconf 81' lang='lat' dir='ltr'><strong>Praeterea</strong></span> <span class='ocrx_word' id='word_1_10' title='bbox 974 859 1055 951; x_wconf 83' lang='lat' dir='ltr'><strong>sugit</strong></span> <span class='ocrx_word' id='word_1_11' title='bbox 1088 860 1182 925; x_wconf 88' lang='lat' dir='ltr'><strong>Doe-</strong></span> 
     </span>
     <span class='ocr_line' id='line_1_3' title="bbox 100 958 1183 1070; baseline -0.003 -27"><span class='ocrx_word' id='word_1_12' title='bbox 100 976 265 1043; x_wconf 84' lang='lat' dir='ltr'><strong>derlinum</strong></span> <span class='ocrx_word' id='word_1_13' title='bbox 293 977 428 1070; x_wconf 77' lang='lat' dir='ltr'><strong>eopiosa</strong></span> <span class='ocrx_word' id='word_1_14' title='bbox 453 977 494 1042; x_wconf 88' lang='lat' dir='ltr'><strong>de</strong></span> <span class='ocrx_word' id='word_1_15' title='bbox 520 958 651 1043; x_wconf 50' lang='lat' dir='ltr'><strong>‘eadem</strong></span> <span class='ocrx_word' id='word_1_16' title='bbox 677 975 733 1041; x_wconf 78' lang='lat' dir='ltr'><strong>illa</strong></span> <span class='ocrx_word' id='word_1_17' title='bbox 760 1002 857 1042; x_wconf 83' lang='lat' dir='ltr'><strong>scena</strong></span> <span class='ocrx_word' id='word_1_18' title='bbox 893 978 932 1039; x_wconf 67' lang='grc' dir='ltr'><strong>(ἶ.</strong></span> <span class='ocrx_word' id='word_1_19' title='bbox 959 975 998 1038; x_wconf 88' lang='lat' dir='ltr'><strong>H.</strong></span> <span class='ocrx_word' id='word_1_20' title='bbox 1027 976 1183 1040; x_wconf 78' lang='lat' dir='ltr'><strong>(irauerti</strong></span> 
     </span>
     <span class='ocr_line' id='line_1_4' title="bbox 103 1088 1183 1185; baseline -0.003 -27"><span class='ocrx_word' id='word_1_21' title='bbox 103 1093 293 1184; x_wconf 16' lang='lat' dir='ltr'><strong>dis-putatio,</strong></span> <span class='ocrx_word' id='word_1_22' title='bbox 319 1091 504 1158; x_wconf 80' lang='lat' dir='ltr'><strong>Analecton</strong></span> <span class='ocrx_word' id='word_1_23' title='bbox 534 1095 609 1158; x_wconf 83' lang='lat' dir='ltr'><strong>hist.</strong></span> <span class='ocrx_word' id='word_1_24' title='bbox 637 1111 669 1158; x_wconf 88' lang='lat' dir='ltr'><strong>et</strong></span> <span class='ocrx_word' id='word_1_25' title='bbox 694 1090 776 1185; x_wconf 84' lang='lat' dir='ltr'><strong>phil.</strong></span> <span class='ocrx_word' id='word_1_26' title='bbox 792 1118 809 1155; x_wconf 85' lang='lat' dir='ltr'><strong>a</strong></span> <span class='ocrx_word' id='word_1_27' title='bbox 828 1117 861 1183; x_wconf 92' lang='lat' dir='ltr'><strong>p.</strong></span> <span class='ocrx_word' id='word_1_28' title='bbox 875 1091 941 1160; x_wconf 85' lang='lat'><strong>197</strong></span> <span class='ocrx_word' id='word_1_29' title='bbox 961 1092 1004 1156; x_wconf 80' lang='lat' dir='ltr'><strong>ad</strong></span> <span class='ocrx_word' id='word_1_30' title='bbox 1015 1088 1095 1167; x_wconf 67' lang='lat'><strong>204,</strong></span> <span class='ocrx_word' id='word_1_31' title='bbox 1122 1092 1183 1183; x_wconf 84' lang='lat' dir='ltr'><strong>&#39;qui</strong></span> 
     </span>
     <span class='ocr_line' id='line_1_5' title="bbox 102 1206 1185 1300; baseline -0.005 -27"><span class='ocrx_word' id='word_1_32' title='bbox 102 1210 198 1273; x_wconf 86' lang='lat' dir='ltr'><strong>etiam</strong></span> <span class='ocrx_word' id='word_1_33' title='bbox 226 1207 497 1273; x_wconf 76' lang='lat' dir='ltr'><strong>emundationem</strong></span> <span class='ocrx_word' id='word_1_34' title='bbox 534 1207 700 1300; x_wconf 82' lang='lat' dir='ltr'><strong>quandam</strong></span> <span class='ocrx_word' id='word_1_35' title='bbox 737 1232 830 1272; x_wconf 85' lang='lat' dir='ltr'><strong>suam</strong></span> <span class='ocrx_word' id='word_1_36' title='bbox 858 1206 1185 1297; x_wconf 86' lang='lat' dir='ltr'><strong>corruptissimarum</strong></span> 
     </span>
     <span class='ocr_line' id='line_1_6' title="bbox 105 1319 1186 1415; baseline -0.006 -25"><span class='ocrx_word' id='word_1_37' title='bbox 105 1350 183 1390; x_wconf 84' lang='lat' dir='ltr'><strong>sane</strong></span> <span class='ocrx_word' id='word_1_38' title='bbox 223 1348 375 1390; x_wconf 65' lang='lat' dir='ltr'><strong>uersuum</strong></span> <span class='ocrx_word' id='word_1_39' title='bbox 411 1325 588 1415; x_wconf 82' lang='lat' dir='ltr'><strong>proposuit</strong></span> <span class='ocrx_word' id='word_1_40' title='bbox 618 1325 894 1415; x_wconf 78' lang='lat' dir='ltr'><strong>propositamque</strong></span> <span class='ocrx_word' id='word_1_41' title='bbox 932 1319 1186 1398; x_wconf 84' lang='lat' dir='ltr'><strong>commendavit,</strong></span> 
     </span>
     <span class='ocr_line' id='line_1_7' title="bbox 104 1437 1186 1533; baseline -0.005 -27"><span class='ocrx_word' id='word_1_42' title='bbox 104 1439 147 1506; x_wconf 90' lang='lat' dir='ltr'><strong>de</strong></span> <span class='ocrx_word' id='word_1_43' title='bbox 174 1467 239 1533; x_wconf 81' lang='lat' dir='ltr'><strong>qua</strong></span> <span class='ocrx_word' id='word_1_44' title='bbox 266 1437 349 1531; x_wconf 88' lang='lat' dir='ltr'><strong>qnid</strong></span> <span class='ocrx_word' id='word_1_45' title='bbox 382 1440 424 1504; x_wconf 88' lang='lat' dir='ltr'><strong>sit</strong></span> <span class='ocrx_word' id='word_1_46' title='bbox 457 1437 668 1503; x_wconf 84' lang='lat' dir='ltr'><strong>sentiendum</strong></span> <span class='ocrx_word' id='word_1_47' title='bbox 703 1438 844 1530; x_wconf 81' lang='lat' dir='ltr'><strong>posthac</strong></span> <span class='ocrx_word' id='word_1_48' title='bbox 879 1437 1063 1528; x_wconf 76' lang='lat' dir='ltr'><strong>apparebit.</strong></span> <span class='ocrx_word' id='word_1_49' title='bbox 1121 1438 1186 1501; x_wconf 79' lang='lat'>1³0-</span> 
     </span>
     <span class='ocr_line' id='line_1_8' title="bbox 103 1549 1187 1645; baseline -0.005 -26"><span class='ocrx_word' id='word_1_50' title='bbox 103 1574 228 1621; x_wconf 84' lang='lat' dir='ltr'><strong>stremo</strong></span> <span class='ocrx_word' id='word_1_51' title='bbox 261 1580 303 1619; x_wconf 87' lang='lat' dir='ltr'><strong>ne</strong></span> <span class='ocrx_word' id='word_1_52' title='bbox 337 1557 459 1620; x_wconf 85' lang='lat' dir='ltr'><strong>Donati</strong></span> <span class='ocrx_word' id='word_1_53' title='bbox 499 1553 635 1645; x_wconf 88' lang='lat' dir='ltr'><strong>quidem</strong></span> <span class='ocrx_word' id='word_1_54' title='bbox 673 1572 706 1618; x_wconf 89' lang='lat' dir='ltr'><strong>et</strong></span> <span class='ocrx_word' id='word_1_55' title='bbox 738 1553 922 1645; x_wconf 84' lang='lat' dir='ltr'><strong>Engraphii</strong></span> <span class='ocrx_word' id='word_1_56' title='bbox 956 1549 1187 1619; x_wconf 80' lang='lat' dir='ltr'><strong>Doederlinos</strong></span> 
     </span>
     <span class='ocr_line' id='line_1_9' title="bbox 103 1668 1188 1761; baseline -0.004 -25"><span class='ocrx_word' id='word_1_57' title='bbox 103 1673 307 1736; x_wconf 79' lang='lat' dir='ltr'><strong>mentionem</strong></span> <span class='ocrx_word' id='word_1_58' title='bbox 334 1671 430 1748; x_wconf 82' lang='lat' dir='ltr'><strong>fecit,</strong></span> <span class='ocrx_word' id='word_1_59' title='bbox 471 1693 555 1761; x_wconf 87' lang='lat' dir='ltr'><strong>quos</strong></span> <span class='ocrx_word' id='word_1_60' title='bbox 590 1695 656 1735; x_wconf 88' lang='lat' dir='ltr'><strong>non</strong></span> <span class='ocrx_word' id='word_1_61' title='bbox 689 1668 799 1733; x_wconf 89' lang='lat' dir='ltr'><strong>dubiis</strong></span> <span class='ocrx_word' id='word_1_62' title='bbox 834 1669 1031 1735; x_wconf 83' lang='lat' dir='ltr'><strong>testimoniis</strong></span> <span class='ocrx_word' id='word_1_63' title='bbox 1062 1685 1188 1735; x_wconf 83' lang='lat' dir='ltr'><strong>constat</strong></span> 
     </span>
     <span class='ocr_line' id='line_1_10' title="bbox 106 1783 881 1851; baseline 0 -2"><span class='ocrx_word' id='word_1_64' title='bbox 106 1783 244 1851; x_wconf 87' lang='lat' dir='ltr'><strong>eosdem</strong></span> <span class='ocrx_word' id='word_1_65' title='bbox 273 1783 452 1851; x_wconf 84' lang='lat' dir='ltr'><strong>versiculos</strong></span> <span class='ocrx_word' id='word_1_66' title='bbox 474 1803 547 1850; x_wconf 83' lang='lat' dir='ltr'><strong>ante</strong></span> <span class='ocrx_word' id='word_1_67' title='bbox 574 1783 689 1850; x_wconf 89' lang='lat' dir='ltr'><strong>oculos</strong></span> <span class='ocrx_word' id='word_1_68' title='bbox 715 1783 881 1850; x_wconf 83' lang='lat' dir='ltr'><strong>habuisse.</strong></span> 
     </span>
    </p>
   </div>
   <div class='ocr_carea' id='block_1_3' title="bbox 108 1915 1189 2123">
    <p class='ocr_par' dir='ltr' id='par_1_3' title="bbox 108 1915 1189 2123">
     <span class='ocr_line' id='line_1_11' title="bbox 230 1915 1189 2008; baseline -0.005 -24"><span class='ocrx_word' id='word_1_69' title='bbox 230 1915 314 1984; x_wconf 85' lang='lat' dir='ltr'><strong>Sunt</strong></span> <span class='ocrx_word' id='word_1_70' title='bbox 339 1931 448 1982; x_wconf 84' lang='lat' dir='ltr'><strong>autem</strong></span> <span class='ocrx_word' id='word_1_71' title='bbox 476 1916 539 2008; x_wconf 88' lang='lat' dir='ltr'><strong>ipsi</strong></span> <span class='ocrx_word' id='word_1_72' title='bbox 566 1939 678 1981; x_wconf 87' lang='lat' dir='ltr'><strong>versus</strong></span> <span class='ocrx_word' id='word_1_73' title='bbox 705 1915 761 1992; x_wconf 89' lang='lat' dir='ltr'><strong>hi,</strong></span> <span class='ocrx_word' id='word_1_74' title='bbox 795 1938 879 2007; x_wconf 87' lang='lat' dir='ltr'><strong>quos</strong></span> <span class='ocrx_word' id='word_1_75' title='bbox 905 1915 992 1980; x_wconf 79' lang='lat' dir='ltr'><strong>infra</strong></span> <span class='ocrx_word' id='word_1_76' title='bbox 1018 1916 1189 2006; x_wconf 80' lang='lat' dir='ltr'><strong>posuimus</strong></span> 
     </span>
     <span class='ocr_line' id='line_1_12' title="bbox 108 2031 791 2123; baseline -0.004 -26"><span class='ocrx_word' id='word_1_77' title='bbox 108 2031 151 2097; x_wconf 86' lang='lat' dir='ltr'><strong>ad</strong></span> <span class='ocrx_word' id='word_1_78' title='bbox 178 2031 367 2123; x_wconf 81' lang='lat' dir='ltr'><strong>exeruplnm</strong></span> <span class='ocrx_word' id='word_1_79' title='bbox 394 2031 594 2098; x_wconf 84' lang='lat' dir='ltr'><strong>Doederlini</strong></span> <span class='ocrx_word' id='word_1_80' title='bbox 622 2034 791 2122; x_wconf 85' lang='lat' dir='ltr'><strong>repetitos.</strong></span> 
     </span>
    </p>
   </div>
   <div class='ocr_carea' id='block_1_4' title="bbox 437 2178 845 2273">
    <p class='ocr_par' dir='ltr' id='par_1_4' title="bbox 437 2178 845 2273">
     <span class='ocr_line' id='line_1_13' title="bbox 437 2178 845 2273; baseline 0.005 -28"><span class='ocrx_word' id='word_1_81' title='bbox 437 2178 845 2273; x_wconf 77' lang='lat' dir='ltr'><strong>Pamphylos.</strong></span> 
     </span>
    </p>
   </div>
   <div class='ocr_carea' id='block_1_5' title="bbox 196 2270 1191 2754">
    <p class='ocr_par' dir='ltr' id='par_1_5' title="bbox 1063 2270 1069 2295">
     <span class='ocr_line' id='line_1_14' title="bbox 1063 2270 1069 2295; baseline 0 0"><span class='ocrx_word' id='word_1_82' title='bbox 1063 2270 1069 2295; x_wconf 86' lang='lat' dir='ltr'><strong>t</strong></span> 
     </span>
    </p>

    <p class='ocr_par' dir='ltr' id='par_1_6' title="bbox 204 2344 1187 2438">
     <span class='ocr_line' id='line_1_15' title="bbox 204 2344 1187 2438; baseline -0.006 -22"><span class='ocrx_word' id='word_1_83' title='bbox 204 2349 238 2416; x_wconf 90' lang='lat' dir='ltr'><em>T</em></span> <span class='ocrx_word' id='word_1_84' title='bbox 234 2373 252 2412; x_wconf 82' lang='lat' dir='ltr'><strong>c</strong></span> <span class='ocrx_word' id='word_1_85' title='bbox 278 2345 524 2438; x_wconf 70' lang='lat' dir='ltr'><strong>exspectabam.</strong></span> <span class='ocrx_word' id='word_1_86' title='bbox 560 2363 610 2412; x_wconf 82' lang='lat' dir='ltr'><strong>est</strong></span> <span class='ocrx_word' id='word_1_87' title='bbox 635 2344 678 2411; x_wconf 82' lang='lat' dir='ltr'><strong>de</strong></span> <span class='ocrx_word' id='word_1_88' title='bbox 713 2361 772 2410; x_wconf 80' lang='lat' dir='ltr'><strong>tua</strong></span> <span class='ocrx_word' id='word_1_89' title='bbox 797 2369 834 2408; x_wconf 83' lang='lat' dir='ltr'><strong>rc</strong></span> <span class='ocrx_word' id='word_1_90' title='bbox 857 2344 949 2434; x_wconf 76' lang='lat' dir='ltr'><strong>quod</strong></span> <span class='ocrx_word' id='word_1_91' title='bbox 980 2369 1086 2433; x_wconf 82' lang='lat' dir='ltr'><strong>agore</strong></span> <span class='ocrx_word' id='word_1_92' title='bbox 1123 2370 1187 2436; x_wconf 78' lang='lat' dir='ltr'><strong>ago</strong></span> 
     </span>
    </p>

    <p class='ocr_par' dir='ltr' id='par_1_7' title="bbox 196 2458 922 2523">
     <span class='ocr_line' id='line_1_16' title="bbox 196 2458 922 2523; baseline -0.006 2"><span class='ocrx_word' id='word_1_93' title='bbox 196 2458 199 2463; x_wconf 67' lang='grc'><strong>’</strong></span> <span class='ocrx_word' id='word_1_94' title='bbox 703 2475 812 2523; x_wconf 86' lang='lat' dir='ltr'><strong>tecum</strong></span> <span class='ocrx_word' id='word_1_95' title='bbox 838 2458 922 2523; x_wconf 84' lang='lat' dir='ltr'><strong>volo.</strong></span> 
     </span>
    </p>

    <p class='ocr_par' dir='ltr' id='par_1_8' title="bbox 211 2570 1191 2754">
     <span class='ocr_line' id='line_1_17' title="bbox 211 2570 1191 2666; baseline -0.001 -26"><span class='ocrx_word' id='word_1_96' title='bbox 211 2576 359 2666; x_wconf 83' lang='lat' dir='ltr'><strong>Operam</strong></span> <span class='ocrx_word' id='word_1_97' title='bbox 383 2573 466 2639; x_wconf 81' lang='lat' dir='ltr'><strong>dedi</strong></span> <span class='ocrx_word' id='word_1_98' title='bbox 486 2597 529 2638; x_wconf 89' lang='lat' dir='ltr'><strong>ue</strong></span> <span class='ocrx_word' id='word_1_99' title='bbox 556 2598 608 2637; x_wconf 84' lang='lat' dir='ltr'><strong>me</strong></span> <span class='ocrx_word' id='word_1_100' title='bbox 634 2597 705 2638; x_wconf 86' lang='lat' dir='ltr'><strong>esse</strong></span> <span class='ocrx_word' id='word_1_101' title='bbox 733 2571 872 2638; x_wconf 84' lang='lat' dir='ltr'><strong>oblitum</strong></span> <span class='ocrx_word' id='word_1_102' title='bbox 889 2570 984 2639; x_wconf 82' lang='lat' dir='ltr'><strong>dieas</strong></span> <span class='ocrx_word' id='word_1_103' title='bbox 1009 2590 1088 2639; x_wconf 85' lang='lat' dir='ltr'><strong>tuuc</strong></span> <span class='ocrx_word' id='word_1_104' title='bbox 1100 2599 1191 2665; x_wconf 78' lang='lat' dir='ltr'><strong>gua·</strong></span> 
     </span>
     <span class='ocr_line' id='line_1_18' title="bbox 700 2688 931 2754; baseline -0.004 0"><span class='ocrx_word' id='word_1_105' title='bbox 700 2706 756 2754; x_wconf 85' lang='lat' dir='ltr'><strong>tae</strong></span> <span class='ocrx_word' id='word_1_106' title='bbox 781 2688 931 2754; x_wconf 80' lang='lat' dir='ltr'><strong>alterae:</strong></span> 
     </span>
    </p>
   </div>
   <div class='ocr_carea' id='block_1_6' title="bbox 210 2801 1190 2895">
    <p class='ocr_par' dir='ltr' id='par_1_9' title="bbox 210 2801 1190 2895">
     <span class='ocr_line' id='line_1_19' title="bbox 210 2801 1190 2895; baseline 0.001 -26"><span class='ocrx_word' id='word_1_107' title='bbox 210 2801 287 2869; x_wconf 75' lang='lat' dir='ltr'><strong>Tibi</strong></span> <span class='ocrx_word' id='word_1_108' title='bbox 318 2827 370 2867; x_wconf 83' lang='lat' dir='ltr'><strong>mc</strong></span> <span class='ocrx_word' id='word_1_109' title='bbox 407 2807 529 2895; x_wconf 85' lang='lat' dir='ltr'><strong>opinor</strong></span> <span class='ocrx_word' id='word_1_110' title='bbox 563 2808 733 2870; x_wconf 82' lang='lat' dir='ltr'><strong>iuvenisse</strong></span> <span class='ocrx_word' id='word_1_111' title='bbox 767 2802 909 2894; x_wconf 77' lang='lat' dir='ltr'><strong>dignum</strong></span> <span class='ocrx_word' id='word_1_112' title='bbox 932 2819 966 2869; x_wconf 83' lang='lat' dir='ltr'><strong>te</strong></span> <span class='ocrx_word' id='word_1_113' title='bbox 996 2821 1098 2894; x_wconf 79' lang='lat' dir='ltr'><strong>atquc</strong></span> <span class='ocrx_word' id='word_1_114' title='bbox 1122 2803 1190 2870; x_wconf 79' lang='lat' dir='ltr'><em>illa.</em></span> 
     </span>
    </p>
   </div>
   <div class='ocr_carea' id='block_1_7' title="bbox 147 2945 1195 4753">
    <p class='ocr_par' dir='ltr' id='par_1_10' title="bbox 147 2945 1195 4753">
     <span class='ocr_line' id='line_1_20' title="bbox 699 2945 757 2987; baseline -0.034 -1"><span class='ocrx_word' id='word_1_115' title='bbox 699 2945 757 2987; x_wconf 79' lang='lat' dir='ltr'><strong>ver</strong></span> 
     </span>
     <span class='ocr_line' id='line_1_21' title="bbox 208 3033 1159 3102; baseline 0.005 -5"><span class='ocrx_word' id='word_1_116' title='bbox 208 3033 306 3097; x_wconf 81' lang='lat' dir='ltr'><strong>Perii</strong></span> <span class='ocrx_word' id='word_1_117' title='bbox 328 3034 424 3099; x_wconf 79' lang='lat' dir='ltr'><strong>Dave</strong></span> <span class='ocrx_word' id='word_1_118' title='bbox 450 3035 493 3100; x_wconf 86' lang='lat' dir='ltr'><strong>de</strong></span> <span class='ocrx_word' id='word_1_119' title='bbox 519 3061 592 3101; x_wconf 87' lang='lat' dir='ltr'><strong>meo</strong></span> <span class='ocrx_word' id='word_1_120' title='bbox 617 3060 734 3102; x_wconf 83' lang='lat' dir='ltr'><strong>amore</strong></span> <span class='ocrx_word' id='word_1_121' title='bbox 756 3060 798 3100; x_wconf 90' lang='lat' dir='ltr'><strong>ac</strong></span> <span class='ocrx_word' id='word_1_122' title='bbox 825 3039 894 3100; x_wconf 77' lang='lat' dir='ltr'><strong>vita</strong></span> <span class='ocrx_word' id='word_1_123' title='bbox 918 3059 993 3101; x_wconf 79' lang='lat' dir='ltr'><strong>sors</strong></span> <span class='ocrx_word' id='word_1_124' title='bbox 1018 3035 1159 3102; x_wconf 81' lang='lat' dir='ltr'><strong>tollitur.</strong></span> 
     </span>
     <span class='ocr_line' id='line_1_22' title="bbox 163 3150 1192 3218; baseline 0.001 -1"><span class='ocrx_word' id='word_1_125' title='bbox 163 3152 185 3217; x_wconf 83' lang='grc'>5</span> <span class='ocrx_word' id='word_1_126' title='bbox 211 3150 291 3214; x_wconf 83' lang='lat' dir='ltr'><strong>Nou</strong></span> <span class='ocrx_word' id='word_1_127' title='bbox 332 3174 418 3216; x_wconf 75' lang='lat' dir='ltr'><strong>uoue</strong></span> <span class='ocrx_word' id='word_1_128' title='bbox 453 3155 559 3217; x_wconf 82' lang='lat' dir='ltr'><strong>istaec</strong></span> <span class='ocrx_word' id='word_1_129' title='bbox 594 3156 642 3217; x_wconf 83' lang='lat' dir='ltr'><strong>mi</strong></span> <span class='ocrx_word' id='word_1_130' title='bbox 670 3151 826 3216; x_wconf 82' lang='lat' dir='ltr'><strong>condicio</strong></span> <span class='ocrx_word' id='word_1_131' title='bbox 863 3168 914 3216; x_wconf 83' lang='lat' dir='ltr'><strong>ast</strong></span> <span class='ocrx_word' id='word_1_132' title='bbox 945 3155 978 3217; x_wconf 82' lang='lat' dir='ltr'><strong>si</strong></span> <span class='ocrx_word' id='word_1_133' title='bbox 1016 3153 1192 3218; x_wconf 80' lang='lat' dir='ltr'><strong>voluissem</strong></span> 
     </span>
     <span class='ocr_line' id='line_1_23' title="bbox 708 3266 892 3357; baseline 0.016 -28"><span class='ocrx_word' id='word_1_134' title='bbox 708 3266 892 3357; x_wconf 71' lang='lat' dir='ltr'><strong>Pamphile.</strong></span> 
     </span>
     <span class='ocr_line' id='line_1_24' title="bbox 213 3371 1193 3475; baseline 0.001 -26"><span class='ocrx_word' id='word_1_135' title='bbox 213 3382 334 3449; x_wconf 78' lang='lat' dir='ltr'><strong>Occidi</strong></span> <span class='ocrx_word' id='word_1_136' title='bbox 357 3384 454 3449; x_wconf 82' lang='lat' dir='ltr'><strong>Dave</strong></span> <span class='ocrx_word' id='word_1_137' title='bbox 482 3407 582 3447; x_wconf 84' lang='lat' dir='ltr'><strong>mane</strong></span> <span class='ocrx_word' id='word_1_138' title='bbox 606 3385 707 3475; x_wconf 83' lang='lat' dir='ltr'><strong>parii,</strong></span> <span class='ocrx_word' id='word_1_139' title='bbox 734 3380 771 3447; x_wconf 81' lang='lat' dir='ltr'><strong>id</strong></span> <span class='ocrx_word' id='word_1_140' title='bbox 782 3371 1014 3472; x_wconf 65' lang='lat' dir='ltr'><strong>&#39;quantam-em</strong></span> <span class='ocrx_word' id='word_1_141' title='bbox 1036 3407 1108 3449; x_wconf 85' lang='lat' dir='ltr'><strong>non</strong></span> <span class='ocrx_word' id='word_1_142' title='bbox 1135 3408 1193 3450; x_wconf 86' lang='grc' dir='ltr'><strong>νο-</strong></span> 
     </span>
     <span class='ocr_line' id='line_1_25' title="bbox 704 3496 926 3591; baseline 0.005 -29"><span class='ocrx_word' id='word_1_143' title='bbox 704 3496 753 3563; x_wconf 80' lang='lat' dir='ltr'><strong>lut&#39;</strong></span> <span class='ocrx_word' id='word_1_144' title='bbox 777 3498 926 3591; x_wconf 80' lang='lat' dir='ltr'><strong>eloquor.</strong></span> 
     </span>
     <span class='ocr_line' id='line_1_26' title="bbox 213 3612 1194 3706; baseline 0.001 -26"><span class='ocrx_word' id='word_1_145' title='bbox 213 3615 294 3680; x_wconf 84' lang='lat' dir='ltr'><strong>Nou</strong></span> <span class='ocrx_word' id='word_1_146' title='bbox 318 3618 440 3679; x_wconf 83' lang='lat' dir='ltr'><strong>iccirco</strong></span> <span class='ocrx_word' id='word_1_147' title='bbox 465 3612 651 3706; x_wconf 78' lang='lat' dir='ltr'><strong>quodcum</strong></span> <span class='ocrx_word' id='word_1_148' title='bbox 670 3619 812 3680; x_wconf 85' lang='lat' dir='ltr'><strong>omm&#39;uo</strong></span> <span class='ocrx_word' id='word_1_149' title='bbox 837 3615 977 3702; x_wconf 84' lang='lat' dir='ltr'><strong>affluam</strong></span> <span class='ocrx_word' id='word_1_150' title='bbox 1002 3621 1050 3680; x_wconf 83' lang='lat' dir='ltr'><strong>mi</strong></span> <span class='ocrx_word' id='word_1_151' title='bbox 1069 3617 1194 3681; x_wconf 83' lang='lat' dir='ltr'><strong>nollem</strong></span> 
     </span>
     <span class='ocr_line' id='line_1_27' title="bbox 702 3730 889 3798; baseline 0.016 -4"><span class='ocrx_word' id='word_1_152' title='bbox 702 3730 777 3795; x_wconf 77' lang='lat' dir='ltr'><strong>Item</strong></span> <span class='ocrx_word' id='word_1_153' title='bbox 802 3748 889 3798; x_wconf 87' lang='lat' dir='ltr'><strong>tace.</strong></span> 
     </span>
     <span class='ocr_line' id='line_1_28' title="bbox 214 3843 1195 3937; baseline 0.002 -27"><span class='ocrx_word' id='word_1_154' title='bbox 214 3845 286 3911; x_wconf 77' lang='lat' dir='ltr'><strong>Sed</strong></span> <span class='ocrx_word' id='word_1_155' title='bbox 309 3851 466 3913; x_wconf 83' lang='lat' dir='ltr'><strong>amicicia</strong></span> <span class='ocrx_word' id='word_1_156' title='bbox 493 3863 636 3921; x_wconf 84' lang='lat' dir='ltr'><strong>nostra,</strong></span> <span class='ocrx_word' id='word_1_157' title='bbox 671 3870 757 3937; x_wconf 82' lang='lat' dir='ltr'><strong>qttua</strong></span> <span class='ocrx_word' id='word_1_158' title='bbox 786 3862 836 3911; x_wconf 82' lang='lat' dir='ltr'><strong>est</strong></span> <span class='ocrx_word' id='word_1_159' title='bbox 869 3872 892 3910; x_wconf 85' lang='lat' dir='ltr'><strong>a</strong></span> <span class='ocrx_word' id='word_1_160' title='bbox 918 3843 1073 3937; x_wconf 84' lang='lat' dir='ltr'><strong>patribus</strong></span> <span class='ocrx_word' id='word_1_161' title='bbox 1098 3844 1195 3913; x_wconf 78' lang='lat' dir='ltr'><strong>uobis</strong></span> 
     </span>
     <span class='ocr_line' id='line_1_29' title="bbox 511 3960 848 4056; baseline -0.003 -31"><span class='ocrx_word' id='word_1_162' title='bbox 511 4050 514 4056; x_wconf 17' lang='lat'><strong>⁴</strong></span> <span class='ocrx_word' id='word_1_163' title='bbox 706 3960 848 4026; x_wconf 83' lang='lat' dir='ltr'><strong>tradita.</strong></span> 
     </span>
     <span class='ocr_line' id='line_1_30' title="bbox 215 4074 1193 4169; baseline 0 -27"><span class='ocrx_word' id='word_1_164' title='bbox 215 4078 296 4142; x_wconf 84' lang='lat' dir='ltr'><strong>Nou</strong></span> <span class='ocrx_word' id='word_1_165' title='bbox 311 4078 459 4168; x_wconf 72' lang='lat' dir='ltr'><strong>aliquam</strong></span> <span class='ocrx_word' id='word_1_166' title='bbox 471 4096 606 4169; x_wconf 82' lang='lat' dir='ltr'><strong>partem</strong></span> <span class='ocrx_word' id='word_1_167' title='bbox 619 4076 727 4142; x_wconf 78' lang='lat' dir='ltr'><strong>stctdt&#39;i</strong></span> <span class='ocrx_word' id='word_1_168' title='bbox 746 4074 931 4143; x_wconf 80' lang='lat' dir='ltr'><strong>adductam</strong></span> <span class='ocrx_word' id='word_1_169' title='bbox 955 4077 1050 4143; x_wconf 81' lang='lat' dir='ltr'><strong>tradi</strong></span> <span class='ocrx_word' id='word_1_170' title='bbox 1070 4076 1193 4144; x_wconf 71' lang='lat' dir='ltr'><strong>liberis.</strong></span> 
     </span>
     <span class='ocr_line' id='line_1_31' title="bbox 147 4194 1195 4287; baseline -0.001 -24"><span class='ocrx_word' id='word_1_171' title='bbox 147 4197 191 4263; x_wconf 88' lang='grc'><strong>10</strong></span> <span class='ocrx_word' id='word_1_172' title='bbox 218 4194 319 4260; x_wconf 82' lang='lat' dir='ltr'><strong>Nunc</strong></span> <span class='ocrx_word' id='word_1_173' title='bbox 344 4217 417 4258; x_wconf 89' lang='lat' dir='ltr'><strong>cum</strong></span> <span class='ocrx_word' id='word_1_174' title='bbox 444 4198 540 4284; x_wconf 85' lang='lat' dir='ltr'><strong>copia</strong></span> <span class='ocrx_word' id='word_1_175' title='bbox 565 4219 607 4258; x_wconf 88' lang='lat' dir='ltr'><strong>ac</strong></span> <span class='ocrx_word' id='word_1_176' title='bbox 621 4197 779 4280; x_wconf 78' lang='lat' dir='ltr'><strong>fortuna</strong></span> <span class='ocrx_word' id='word_1_177' title='bbox 803 4198 936 4286; x_wconf 76' lang='lat' dir='ltr'><strong>utrique</strong></span> <span class='ocrx_word' id='word_1_178' title='bbox 963 4213 999 4261; x_wconf 86' lang='lat' dir='ltr'><strong>ut</strong></span> <span class='ocrx_word' id='word_1_179' title='bbox 1034 4195 1195 4287; x_wconf 79' lang='lat' dir='ltr'><strong>obseque-</strong></span> 
     </span>
     <span class='ocr_line' id='line_1_32' title="bbox 708 4308 932 4375; baseline 0.004 -1"><span class='ocrx_word' id='word_1_180' title='bbox 708 4326 803 4375; x_wconf 83' lang='lat' dir='ltr'><strong>retur</strong></span> <span class='ocrx_word' id='word_1_181' title='bbox 828 4308 932 4375; x_wconf 76' lang='lat' dir='ltr'><strong>dedit.</strong></span> 
     </span>
     <span class='ocr_line' id='line_1_33' title="bbox 217 4423 1193 4521; baseline 0.003 -29"><span class='ocrx_word' id='word_1_182' title='bbox 217 4427 329 4492; x_wconf 80' lang='lat' dir='ltr'><strong>Detur</strong></span> <span class='ocrx_word' id='word_1_183' title='bbox 353 4423 572 4512; x_wconf 81' lang='lat' dir='ltr'><strong>benefactum</strong></span> <span class='ocrx_word' id='word_1_184' title='bbox 594 4423 652 4491; x_wconf 79' lang='lat' dir='ltr'><strong>abi</strong></span> <span class='ocrx_word' id='word_1_185' title='bbox 675 4444 776 4520; x_wconf 85' lang='lat' dir='ltr'><strong>atque</strong></span> <span class='ocrx_word' id='word_1_186' title='bbox 803 4427 935 4492; x_wconf 76' lang='lat' dir='ltr'><strong>houtiui</strong></span> <span class='ocrx_word' id='word_1_187' title='bbox 957 4452 1025 4520; x_wconf 75' lang='lat' dir='ltr'><strong>age</strong></span> <span class='ocrx_word' id='word_1_188' title='bbox 1050 4435 1193 4521; x_wconf 73' lang='lat' dir='ltr'><strong>gratias.</strong></span> 
     </span>
     <span class='ocr_line' id='line_1_34' title="bbox 710 4543 1007 4611; baseline 0.017 -5"><span class='ocrx_word' id='word_1_189' title='bbox 710 4545 819 4608; x_wconf 82' lang='lat' dir='ltr'><strong>salvas</strong></span> <span class='ocrx_word' id='word_1_190' title='bbox 847 4543 1007 4611; x_wconf 77' lang='lat' dir='ltr'><strong>Chremes</strong></span> 
     </span>
     <span class='ocr_line' id='line_1_35' title="bbox 218 4653 1081 4753; baseline 0.003 -30"><span class='ocrx_word' id='word_1_191' title='bbox 218 4653 414 4724; x_wconf 69' lang='lat' dir='ltr'><strong>Amicorum</strong></span> <span class='ocrx_word' id='word_1_192' title='bbox 438 4681 587 4725; x_wconf 71' lang='lat' dir='ltr'><strong>tricorum</strong></span> <span class='ocrx_word' id='word_1_193' title='bbox 614 4662 761 4726; x_wconf 71' lang='lat' dir='ltr'><strong>oninium</strong></span> <span class='ocrx_word' id='word_1_194' title='bbox 786 4661 889 4728; x_wconf 86' lang='lat' dir='ltr'><strong>miclu’</strong></span> <span class='ocrx_word' id='word_1_195' title='bbox 914 4666 1081 4753; x_wconf 77' lang='lat' dir='ltr'><strong>agissimc.</strong></span> 
     </span>
    </p>
   </div>
   <div class='ocr_carea' id='block_1_8' title="bbox 0 0 1425 5332">
    <p class='ocr_par' dir='ltr' id='par_1_11' title="bbox 0 0 1425 5332">
     <span class='ocr_line' id='line_1_36' title="bbox 0 0 1425 5332; baseline 0 0"><span class='ocrx_word' id='word_1_196' title='bbox 0 0 1425 5332; x_wconf 95' lang='lat' dir='ltr'><strong> </strong></span> 
     </span>
    </p>
   </div>
  </div>
 </body>
</html>
