2820 5332
223 685 299 761 442
353 681 366 712 ‘
459 716 530 758 vnn
553 716 596 759 na
619 714 765 760 runcare
790 717 961 763 scenam
989 717 1109 762 annana

225 887 311 955 illud
333 888 601 970 incommodum,
627 890 721 984 quod
745 891 929 958 secandum
956 891 1152 959 tralaticium
1189 915 1310 958 scena-

223 1029 296 1071 rum
328 1005 480 1072 ordinem
514 1030 577 1098 per
609 1004 838 1100 longissimum
873 1008 1034 1101 temporis
1067 1007 1211 1100 spatium
1243 1031 1311 1075 nec

225 1144 326 1213 agens
352 1123 530 1214 quicquam
556 1147 619 1190 nec
651 1121 791 1189 audiens
827 1124 1097 1217 conspiciensve‚
1135 1148 1199 1191 nec
1227 1147 1310 1190 con-

223 1255 356 1326 spectus
382 1263 400 1302 a
426 1237 611 1315 Phanisco,
636 1238 877 1333 Thenropides
902 1256 1002 1308 astet:
1036 1237 1096 1307 sed
1119 1238 1309 1306 verendum

223 1378 265 1418 ne
292 1350 382 1418 alind
403 1352 448 1418 ita
472 1352 720 1421 incommodum
745 1355 958 1422 succreverit.
1009 1353 1100 1438 Quid
1126 1354 1214 1420 enim
1240 1357 1308 1420 iam

224 1493 323 1562 agere
344 1469 541 1535 Plraniscum
571 1485 605 1535 et
627 1493 822 1536 conservum
852 1469 1121 1546 existimabimus,
1146 1468 1225 1535 dum
1247 1495 1311 1562 per

225 1582 469 1677 duodetriginta
496 1609 607 1651 versus
633 1585 708 1671 (ΙΙΙ,
733 1583 771 1669 3)
804 1587 932 1654 Tranio
965 1602 1000 1652 et
1023 1585 1260 1678 Thcnropides
1288 1613 1307 1652 e

225 1699 369 1766 Simonis
390 1698 531 1765 aedibus
556 1699 705 1768 reduces
731 1700 996 1794 colloquuntur?
1047 1700 1185 1771 Scilicet
1203 1685 1309 1768 Calli-

224 1813 363 1881 ‹lamatis
386 1816 506 1882 exitum
542 1835 739 1906 exspectant
772 1835 806 1885 et
840 1817 956 1910 ecquis
988 1816 1124 1883 tandem
1150 1818 1238 1882 intus
1264 1818 1308 1884 sit

138 2020 141 2025 Ι
176 1959 180 1968 ’
224 1929 450 2021 speculantur.
493 1930 616 2000 Audio.
660 1934 865 2026 Exspectant
889 1933 989 2025 igitur
1016 1950 1050 1999 et
1076 1932 1309 2023 speculentur:

225 2070 290 2113 nec
323 2045 374 2111 vel
409 2045 457 2111 illi
492 2049 697 2115 Tranionem
730 2049 940 2142 conspiciant
977 2073 1052 2115 cum
1085 2047 1315 2140 Theai-apide

228 2179 424 2240 exeuntem,
461 2188 526 2229 nec
552 2165 586 2229 lri
612 2164 675 2257 ipsi
699 2189 764 2256 per
789 2165 962 2231 maximam
987 2181 1118 2255 partem
1148 2162 1307 2256 colloquii

226 2277 275 2341 aui
301 2276 522 2344 adversitores
544 2277 629 2344 illos.
679 2282 729 2347 Ac
751 2279 977 2373 reputandum
1003 2303 1093 2357 sane,
1120 2277 1259 2344 diversis
1274 2280 1309 2344 in

226 2389 309 2456 locis
337 2411 495 2484 utrosque
522 2395 664 2475 versari,
704 2413 781 2461 ante
808 2392 1039 2486 Theuropidis
1065 2391 1163 2459 aedes
1188 2392 1312 2460 adver-

228 2504 345 2572 sitores
371 2505 612 2588 Callidamam,
635 2528 711 2577 ante
737 2509 841 2577 aedes
866 2509 1011 2578 Simonis
1039 2533 1112 2576 cnm
1138 2508 1311 2575 Tranionc

230 2623 497 2715 Tbeuropidem.
548 2625 619 2693 Nec
645 2625 820 2694 offensioni
846 2623 922 2694 talia
944 2625 1066 2705 luisse,
1103 2651 1209 2718 quae,
1243 2627 1313 2691 sie

229 2741 278 2804 rei
306 2740 441 2808 veritate
475 2759 692 2821 censeantur,
732 2767 850 2834 parum
880 2741 1125 2834 probabilitatis
1160 2741 1314 2819 habeant,

231 2859 307 2922 satis
343 2883 415 2923 csse
443 2856 643 2925 documento
670 2860 752 2925 llaec
778 2883 842 2923 una
866 2855 978 2924 sabula
1009 2859 1142 2950 poterit.
1193 2860 1316 2950 Neque

232 2974 318 3038 eninr
347 2975 406 3053 ΙΙΙ,
436 2980 451 3041 1
482 2978 574 3042 initio
597 2979 874 3043 sermocinantem
902 3001 976 3043 cum
994 2975 1316 3069 TlrcnropidcTra-

125 3139 133 3161 ,
232 3089 366 3153 aionem
392 3108 466 3155 ante
491 3092 579 3159 a33
607 3091 733 3157 danista
761 3090 1001 3171 arrimadvertit,
1029 3118 1089 3158 nec
1110 3093 1200 3171 ΙΙΙ,Ι
1233 3111 1329 3183 ειη.Ι

233 3220 266 3289 et
291 3205 348 3282 Ill,
376 3208 398 3272 ‘2
424 3207 492 3271 inic
521 3205 572 3271 vel
600 3207 690 3272 Simo
717 3224 771 3272 aut
798 3207 1002 3272 'l'ranionem
1037 3224 1093 3272 aut
1118 3208 1315 3299 Theoropi-

233 3319 335 3399 (lem,
375 3320 426 3386 vel
453 3323 526 3414 ipse.
549 3319 785 3414 Theuropides
812 3339 847 3386 nt
883 3321 1015 3388 ridetur
1050 3341 1105 3388 ant
1139 3322 1314 3389 Simonem
1345 3389 1347 3393 ,

232 3453 289 3500 aut
313 3438 534 3503 Tranionern:
569 3454 602 3502 et
629 3455 737 3502 tamen
760 3437 885 3503 vicinae
913 3456 988 3503 sunt
1013 3437 1243 3530 Tlreuropidis
1265 3438 1318 3506 Si-

234 3552 409 3643 monisqne
436 3540 548 3617 aedes.
612 3550 722 3634 Quid?
759 3549 851 3642 qnod
889 3571 968 3642 post
1000 3550 1204 3645 colloquium
1239 3577 1316 3618 cnm

234 3666 370 3734 Simone
399 3667 545 3732 habitum
574 3685 698 3734 tantum
726 3669 791 3733 iter
822 3667 969 3752 Tranio,
1010 3686 1044 3732 nt
1068 3666 1109 3732 ad
1144 3693 1235 3732 eruut
1262 3694 1318 3733 re-

235 3780 323 3862 deat,
351 3783 516 3850 conficere
544 3783 739 3876 cogitandus
765 3800 824 3862 est,
852 3799 1010 3875 qnantum
1036 3781 1154 3849 decern
1172 3783 1321 3851 versibus

235 3897 298 3985 (88
314 3891 405 3991 sqq.)
441 3899 623 3966 recitandis
651 3901 808 3978 sufficiat,
842 3901 914 3990 ipse
945 3915 1053 3963 autem
1078 3897 1321 3991 Theuropides

234 4014 316 4079 lteris
339 4013 571 4102 steteropirlcs
597 4017 708 4080 verbis
735 4015 777 4102 (v.
806 4012 868 4098 97)
896 4037 990 4080 servo
1017 4011 1319 4080 inclamandusl—

236 4129 303 4196 Sed
330 4149 440 4196 tamen
468 4131 560 4222 quod
586 4156 651 4223 per
677 4131 850 4196 maximam
881 4147 1014 4221 partem
1047 4128 1157 4210 illins,
1197 4132 1231 4194 in
1254 4154 1322 4221 qno

236 4272 415 4325 versamur,
439 4246 598 4339 colloquii
620 4272 687 4313 non
715 4272 787 4312 esse
812 4246 973 4312 Tranioni
994 4264 1190 4337 conspectos
1219 4244 1323 4312 Calli-

237 4361 373 4428 damatis
400 4361 620 4428 adversitores
647 4361 756 4453 largiti
782 4387 911 4441 snmus,
949 4361 984 4425 id
1017 4387 1085 4427 non
1111 4363 1190 4426 item
1220 4364 1325 4453 perti·

237 4502 321 4544 nere
349 4477 390 4543 ad
419 4479 525 4570 ipsam
556 4477 654 4543 finem
678 4478 775 4543 huius
802 4501 922 4542 scenae
948 4481 1065 4567 potuit.
1106 4479 1180 4543 Non
1198 4478 1325 4556 neseio,

238 4591 321 4686 quid
348 4595 565 4660 excusationis
593 4609 743 4686 paratum
765 4592 815 4658 sit.
871 4594 952 4657 Nam
980 4595 1106 4657 Tranio
1145 4619 1218 4660 cum
1239 4618 1325 4671 ¹sane

240 4709 284 4776 ad
302 4718 533 4802 ‘congerrones
560 4731 594 4777 sc
621 4734 698 4776 suos
726 4708 903 4777 collaturus
931 4710 973 4775 sit
999 4736 1028 4776 r.
1047 4712 1103 4788 97,
1131 4729 1242 4776 tamen
1261 4709 1325 4777 hoc
