2820 5332
409 656 660 708 rossemanne
685 656 880 702 anrvrtnte.
1121 633 1192 709 439

110 828 266 922 neglecta
290 853 446 895 versuum
473 827 685 896 distinctione
710 829 860 897 Plautina
886 832 988 897 verba
1022 856 1086 898 una
1112 857 1192 924 pcr-

112 945 274 1036 petuitate
302 959 458 1035 tauquam
486 969 553 1012 non
581 948 712 1012 astricta
739 948 889 1013 numeris
917 946 1084 1013 exhibere.
1120 950 1198 1014 Non

117 1056 317 1139 mirandum,
342 1057 400 1123 scd
429 1058 632 1126 laudandum
653 1061 686 1126 iu
705 1061 924 1140 Lachmann
951 1061 1044 1154 quod
1069 1079 1201 1154 quaest
1296 1080 1299 1085 '

113 1175 292 1267 prudentia
318 1173 426 1240 noluit
458 1176 492 1241 in
525 1177 757 1268 computandis
788 1179 932 1243 numeris
966 1203 1004 1244 ea
1039 1203 1198 1245 veranum

100 1292 342 1384 descriptione
368 1293 427 1370 uti,
455 1295 597 1383 quaein
625 1293 831 1360 editionibus
852 1293 955 1361 bodie
978 1294 1105 1360 fertur:
1132 1318 1201 1363 nou

115 1408 279 1473 veriturus
304 1407 428 1486 lacere,
454 1408 482 1472 si
507 1432 667 1475 summam
697 1435 768 1476 esse
794 1411 829 1475 in
845 1410 909 1477 boc
931 1434 1056 1502 genere
1080 1408 1201 1476 editio-

114 1547 191 1588 num
218 1520 299 1588 iude
326 1548 342 1586 a
371 1522 564 1589 CamerarIo
591 1518 800 1617 proditaru'm
828 1551 901 1592 cum
926 1526 1055 1591 Vetere
1083 1522 1201 1592 codIce

116 1640 363 1728 congruentiam
390 1639 558 1705 scivisset:
596 1642 689 1706 cuius
715 1640 856 1733 quidem
882 1641 1007 1709 codicis
1034 1641 1200 1708 beneficio

117 1754 182 1819 dici
210 1756 327 1845 nequit
352 1753 483 1845 quoties
510 1757 621 1822 sanior
646 1781 799 1822 versuum
819 1755 1001 1849 descriptio
1028 1755 1199 1823 debeatur.

117 1871 228 1933 Vnum
253 1869 337 1935 illud
355 1871 547 1949 tenendum,
574 1870 665 1963 quod
690 1872 780 1963 tetigi
804 1873 837 1936 in
864 1869 1137 1938 commentariolo
1155 1869 1200 1938 de

119 1968 274 2055 biblioth.
301 1984 482 2052 Alexandr.
508 1988 635 2078 scripto
657 2012 690 2079 p.
719 1989 821 2065 122,
850 1985 940 2077 quod
966 1985 1141 2078 aliquoties
1167 1985 1202 2051 iu

120 2098 178 2165 illo
205 2098 312 2180 libro,
348 2127 415 2195 quo
449 2104 570 2169 chartis
605 2119 828 2194 parceretur,
863 2105 1060 2192 praesertim
1096 2100 1204 2166 sicubi

121 2216 256 2280 brevius
294 2237 380 2284 esset
420 2244 522 2311 genus
560 2242 738 2296 versuum,
780 2242 848 2285 nou
886 2216 1023 2309 quidem
1066 2216 1204 2284 omnino

121 2329 265 2397 licenter
293 2352 326 2399 et
359 2336 547 2425 promiscue
582 2335 810 2426 perscriptos,
848 2332 905 2399 sed
948 2350 1040 2398 certa
1076 2329 1207 2399 consilii

121 2448 300 2513 constantia
327 2449 423 2514 binos
451 2450 484 2513 in
512 2474 612 2513 uuum
640 2449 684 2514 ita
712 2450 906 2514 coniunctos
930 2448 1137 2539 reperimus,
1170 2461 1207 2510 ut

122 2589 138 2626 a
165 2561 399 2654 grandiuscula
424 2562 532 2629 littera
558 2562 695 2630 alterius
721 2563 853 2629 initium
875 2561 940 2626 fiat.
1003 2563 1114 2654 Atque
1141 2561 1207 2643 boo

123 2678 157 2740 in
185 2678 269 2742 bane
304 2678 408 2769 ipsam
442 2697 575 2772 partem
598 2677 826 2745 Mostellariae
858 2677 901 2742 ita
925 2674 1034 2755 cadit,
1072 2695 1109 2740 ut
1138 2699 1207 2742 non

124 2791 224 2858 modo
251 2818 268 2857 a
295 2794 354 2873 111,
367 2796 399 2872 2,
414 2794 458 2864 37
484 2792 526 2859 ud
553 2797 601 2866 59
627 2794 742 2888 viginti
765 2816 877 2859 versus
903 2808 1120 2855 numerentur
1144 2812 1208 2882 pro

124 2908 238 2999 viginti
266 2907 396 2975 duobus
425 2929 458 2976 et
482 2936 500 2975 a
528 2909 585 2989 IV,
612 2907 690 2983 24
717 2907 759 2974 ad
786 2908 833 2976 ‘23
860 2903 1052 3000 quindecim
1080 2929 1143 2996 pro
1160 2904 1209 2970 vi-

122 3024 214 3117 ginti,
243 3025 301 3091 sed
329 3051 392 3117 pro
421 3024 552 3092 duobus
579 3042 614 3091 et
634 3026 750 3117 viginti
775 3023 931 3092 undecim
959 3039 1085 3088 tantum
1106 3047 1124 3086 a
1149 3020 1209 3101 IV,

125 3140 224 3215 3,18
251 3139 290 3204 ad
320 3142 376 3212 39.
429 3141 492 3224 Qui
516 3166 631 3207 versus
654 3166 730 3206 euru
756 3163 823 3205 non
848 3139 951 3232 possit
966 3136 1110 3202 dubitari
1129 3133 1211 3229 quin

125 3253 159 3315 iu
186 3256 421 3347 antiquissimis
454 3255 627 3324 codicibus
655 3255 846 3348 singillatim
870 3253 994 3318 luerint
1019 3249 1212 3344 perscripti,

126 3370 188 3435 inm
216 3372 252 3437 hi
273 3372 444 3465 prodeunt
468 3371 668 3441 schedarum
694 3373 826 3437 numeri
849 3393 932 3463 qnos
959 3366 1044 3434 infru
1065 3367 1172 3460 posui·

426 3488 474 3552 VI
869 3483 918 3552 42

428 3602 475 3666 XI
868 3596 911 3666 41

430 3718 454 3784 I.
483 3719 523 3784 II.
547 3719 596 3783 Ill
849 3718 912 3783 tut

426 3835 457 3901 V
871 3827 913 3896 41

431 3951 478 4016 lv
870 3945 919 4011 42

431 4067 506 4135 VII.
533 4064 623 4131 VIII.
649 4062 707 4127 IX·
731 4063 763 4127 X
851 4056 921 4129 166

135 4181 284 4260 Quorum
318 4182 524 4247 concinnitas
556 4197 643 4246 tanta
677 4193 728 4242 est
759 4195 795 4243 ut
827 4199 890 4239 nec
925 4174 1104 4265 quIcqnam
1130 4169 1219 4257 desi-

138 4293 288 4373 deretur,
314 4313 347 4360 ct
374 4295 455 4374 eins,
479 4319 580 4388 quem
604 4292 779 4385 pristinum
805 4289 959 4370 diximus,
985 4285 1112 4354 ordinis
1140 4304 1222 4353 tam·

138 4407 197 4473 diu
223 4410 402 4476 necessitas
429 4409 653 4477 demonstrata
678 4409 736 4487 sit,
763 4403 923 4499 quamdiu
948 4429 1016 4471 non
1040 4403 1103 4471 alio
1131 4428 1223 4470 com·

138 4522 276 4615 putandi
302 4522 467 4615 exemplo,
495 4526 587 4590 cuius
612 4522 815 4590 nonminor
830 4519 1096 4596 siteouciunitas,
1121 4518 1220 4616 elium

139 4665 238 4731 posse
253 4642 395 4732 partium
414 4640 626 4708 disiectarum
642 4636 798 4706 ordinem
810 4638 1001 4730 excogitan,
1024 4634 1220 4704 ostenderis.
