2820 5332
421 639 679 714 nosrccarnrra'
699 671 885 717 catarsina.
1113 646 1181 722 181

215 840 262 909 23
311 837 430 909 Meteri
457 867 501 909 ne
523 845 667 911 technae
692 841 785 911 meae
797 862 960 938 perpetuo
983 839 1158 937 perierint.

215 953 261 1022 24
312 980 371 1025 rlt.
398 958 490 1049 Qnid
513 953 585 1024 trite
607 962 736 1027 tecum?
792 983 845 1030 ΤΒ.
860 1012 863 1017 ·
881 958 967 1028 nihil
998 969 1094 1028 etaim.
1127 960 1189 1028 sed

699 1070 756 1141 dic
778 1077 872 1152 miti,

217 1189 263 1256 25
314 1181 469 1253 Πὶτίεείη
494 1191 638 1281 quaeso?
686 1211 746 1259 w.
772 1186 857 1270 dici,
883 1197 1018 1285 inquam
1026 1239 1039 1268 ,
1065 1193 1185 1290 ordine

636 1306 638 1311 -
718 1300 724 1324 t
790 1311 797 1324 .

703 1331 826 1373 omma.

147 1415 200 1483 19.
214 1414 261 1503 26
312 1438 365 1485 rtt.
397 1417 514 1485 Etia'm
536 1422 680 1505 fatetur
715 1421 759 1486 de
794 1414 944 1514 hospite?
993 1443 1053 1491 ΤΗ.
1086 1427 1184 1488 immo

696 1531 875 1626 pernegat.

216 1651 260 1718 27
311 1671 363 1718 rtr-
389 1643 530 1740 Negoti
581 1647 656 1736 [ΤΗ.
683 1669 788 1742 negat
814 1657 960 1744 inquam.
1010 1675 1062 1723 rn.
1086 1647 1186 1745 perii,

704 1764 790 1854 rem]
817 1791 916 1860 quom
942 1761 1064 1858 cogito.

215 1880 262 1949 28
314 1875 410 1967 [Non
435 1877 653 1971 confiteturi]
705 1902 767 1953 ret.
795 1877 932 1959 dicam,
955 1889 988 1949 si
1010 1877 1187 1970 confessus

699 2002 753 2063 sit.

213 2111 259 2181 29
313 2108 405 2201 Quid
443 2105 534 2177 nrinc
566 2090 768 2192 faciundum
807 2105 943 2178 ce'nses?
998 2133 1050 2184 rt.
1092 2140 1183 2207 egon

700 2225 782 2322 quid
805 2223 982 2294 censeam?

143 2339 199 2407 20.
212 2340 259 2408 30
311 2339 429 2432 Cape,
455 2334 592 2408 o'bsecro
617 2342 729 2410 hercle
755 2360 813 2418 te,
839 2337 909 2409 aina
935 2369 1009 2408 cnm
1032 2366 1072 2407 eo
1098 2336 1187 2410 iridi·

703 2483 783 2524 cem.
1123 2487 1124 2492 ¹

137 2572 193 2636 21.
210 2570 252 2636 31
308 2567 379 2635 Sed
402 2563 477 2635 erim
502 2569 612 2636 videto
637 2588 673 2637 ut
699 2571 825 2663 ccipias,
848 2574 907 2662 qui
927 2566 1047 2637 creda't
1073 2570 1163 2639 milri.

138 2687 195 2751 22.
213 2688 261 2752 32
311 2683 517 2771 Ternzfdct‘le
535 2691 656 2767 vinces,
682 2685 783 2774 qudm
793 2692 903 2779 pirum
918 2681 1028 2777 volpis
1050 2703 1184 2754 comest.

12 2808 17 2813 '
116 2797 157 2863 V.
188 2799 232 2868 18
257 2799 380 2865 inserui
406 2804 453 2880 ei,
488 2801 579 2892 quod
605 2826 790 2894 pronomen
823 2803 877 2866 vix
903 2799 1028 2892 ‘credas
1055 2803 1182 2893 quoties

114 2913 349 3005 imprudenter
370 2917 523 2982 omissum
549 2919 605 2983 sit:
646 2917 702 2982 tei
725 2935 834 2982 autem
860 2939 926 2980 non
959 2917 1092 3008 suscepi
1126 2941 1184 2982 co·

115 3029 199 3095 «licis
227 3033 315 3122 Lips.
344 3029 565 3123 editionisque
591 3033 696 3124 princ.
722 3033 923 3108 auctoritate,
947 3029 1009 3097 sed
1034 3033 1074 3096 ab
1093 3030 1181 3098 Italis

118 3146 249 3224 criticis,
275 3172 293 3210 a
319 3147 438 3238 quibus
464 3147 582 3213 horum
603 3146 765 3214 librorum
780 3147 931 3214 recensio
956 3146 1105 3238 proiecta
1123 3165 1182 3228 est,

115 3278 205 3326 recte
243 3260 396 3329 effectum
433 3264 575 3331 arbitror
600 3289 618 3330 e
643 3264 815 3331 Decurtati
847 3263 1010 3355 scriptura
1036 3279 1069 3327 et
1095 3262 1125 3326 h.
1152 3287 1181 3328 e.

112 3380 146 3440 ei
166 3376 284 3443 omissa
308 3376 350 3443 de
377 3381 536 3445 constanti
562 3403 655 3446 mora
682 3380 891 3471 aspiratione.
930 3378 981 3448 Vc
1005 3377 1039 3443 in
1059 3377 1181 3447 Vetere

112 3511 286 3583 repertum
312 3520 329 3559 e
353 3514 541 3561 correctura
564 3495 735 3576 secundae·
756 3519 868 3560 manus
891 3497 1040 3573 manavit,
1067 3520 1139 3560 cum
1163 3521 1182 3561 a

113 3610 219 3698 prima
245 3628 331 3675 esset
357 3625 417 3673 vet.
481 3611 520 3676 V.
546 3608 592 3678 24
624 3626 686 3704 pro
719 3626 790 3676 tute
816 3608 893 3681 libri
917 3611 990 3675 mss.
1026 3627 1061 3673 tn
1088 3611 1180 3675 exhi-

110 3722 199 3799 bent,
226 3751 254 3788 v.
267 3725 311 3791 25
336 3723 450 3790 dmin
477 3741 510 3790 et
534 3724 622 3791 delcit
648 3731 684 3791 in
706 3750 769 3818 pro
794 3749 833 3791 eo
861 3723 951 3816 quod
977 3724 1093 3790 Bothio
1117 3723 1179 3788 de-

111 3836 219 3901 betur.
270 3839 335 3905 Sed
364 3841 611 3932 perversissime
632 3841 724 3907 idem
746 3867 797 3908 vv.
812 3842 868 3906 27.
880 3839 935 3916 28,
964 3840 1117 3928 quoniam
1144 3839 1178 3901 in

111 3951 208 4017 codd.
233 3970 266 4017 et
290 3973 364 4021 vett.
385 3955 461 4021 cdd.
491 3982 553 4022 una
580 3957 792 4024 continuitate
819 3955 978 4045 scriptum
1001 3971 1086 4018 esset
1108 3954 1180 4019 Ne·

109 4084 172 4155 gat
205 4093 279 4133 cum
311 4077 427 4165 cogita
458 4070 524 4158 (val
550 4069 678 4162 cogito)
709 4070 821 4135 dicam
851 4072 883 4134 si
912 4070 1089 4154 confessus
1120 4071 1176 4149 sit,

110 4183 192 4249 haec
218 4183 473 4278 congirrtinanda
494 4189 529 4252 in
555 4188 648 4253 unius
674 4202 788 4251 versus
814 4184 972 4249 ambitum
995 4183 1137 4274 putavit:

238 4323 290 4368 rr.
324 4301 462 4390 Negat?
517 4322 577 4370 ru.
603 4325 703 4395 quam
726 4298 876 4390 rogitas!
901 4297 1012 4363 dicam
1037 4302 1069 4364 si
1094 4323 1195 4379 con..

688 4421 809 4504 fessus
833 4423 887 4480 sit.

106 4526 175 4594 Nec
200 4527 285 4595 illud
311 4531 462 4623 cogitavit
485 4523 645 4612 Bothius,¹
662 4559 778 4625 magna
805 4533 1027 4598 concinnitate
1054 4530 1094 4596 ab
1113 4530 1176 4594 ini·

105 4645 148 4708 tio
176 4646 334 4738 cuiusque
369 4669 481 4713 versus
512 4649 731 4742 interrogari,
764 4645 967 4739 responderi
1003 4648 1037 4711 in
1070 4642 1172 4710 altera

942 4764 984 4831 31
