2820 5332
393 699 423 739 v.
451 696 493 738 ne
519 688 622 737 terte
650 696 813 739 ratarum
838 696 1003 738 rannone,
1171 666 1242 741 345

158 867 218 934 sed
244 869 279 932 in
307 864 427 932 eadem
452 831 573 943 lahela,
600 890 698 957 quam
721 893 748 931 a.
776 867 846 935 553
872 884 969 958 poete
996 863 1120 948 docuit,
1147 871 1172 934 si
1200 895 1247 935 ex

157 985 260 1051 Asia
286 1009 412 1063 aurum,
440 1001 621 1073 argentum,
648 980 731 1061 lana,
753 1008 912 1073 purpura,
937 981 1014 1046 lecti
1031 987 1144 1064 aurati,
1163 986 1249 1050 ebu-

158 1099 231 1176 rati,
258 1095 459 1189 Babylonica
486 1097 727 1189 peristromata,
768 1095 975 1188 conchyliata
1012 1101 1143 1190 tapetia,
1168 1099 1245 1164 fidi-

160 1214 264 1290 cinae,
280 1212 446 1290 tibicinae,
466 1214 581 1277 samhu
593 1239 609 1278 c
621 1239 637 1276 a
648 1210 716 1297 θ’),
736 1232 900 1306 unguenta
918 1214 1108 1296 afferuntur,
1128 1214 1247 1308 quidni

158 1326 309 1392 indidem
337 1329 461 1393 arcessi
486 1329 551 1391 iam
574 1345 641 1391 tum
668 1329 815 1418 potuisse
829 1329 931 1421 Syros
951 1356 1063 1397 servos
1083 1331 1247 1425 largiare?

158 1446 212 1510 An
237 1442 322 1508 nulli
347 1444 436 1508 inter
462 1444 552 1535 ipsos
580 1444 692 1535 Syros,
721 1443 801 1509 dum
826 1442 978 1512 libertate
994 1446 1089 1538 Syria
1115 1446 1245 1526 fruitur,

160 1560 248 1627 servi
286 1561 481 1637 extiterunt,
518 1583 602 1652 quos
635 1562 661 1624 si
694 1559 829 1625 luberet
864 1561 910 1625 eri
948 1578 981 1627 et
1006 1563 1247 1654 mancipiorum

159 1676 380 1767 negotiatores
403 1674 613 1739 venderent?
658 1673 802 1741 Accedit
827 1673 924 1766 longe
951 1677 1175 1768 gravissimum
1203 1676 1248 1742 de

160 1791 253 1883 Syris
286 1792 327 1854 T.
354 1790 500 1874 Quinctii
536 1788 713 1854 Flaminini
744 1788 914 1868 iudicium,
947 1789 1035 1856 illius
1063 1794 1203 1858 orationi
1230 1819 1248 1859 a

158 1907 251 1971 Livio
279 1906 419 1984 XXXV,
446 1902 495 1974 49
522 1908 701 1971 intextum:
741 1903 834 1970 band
862 1905 977 1996 paullo
1003 1911 1249 1998 mancipiorum

162 2021 292 2096 melius,
315 2038 500 2112 propter
523 2020 721 2087 servilia
746 2024 952 2110 ingonia,
979 2044 1080 2114 qttam
1105 2022 1248 2087 militum

161 2159 289 2226 genus:
324 2134 421 2227 quale
462 2133 596 2201 illorum
627 2137 795 2229 ingenium
828 2136 854 2200 si
886 2136 1060 2218 Quinctius
1086 2138 1149 2201 iam
1173 2157 1248 2203 ante

162 2269 351 2342 susceptum
379 2252 632 2318 comitatiocbo
658 2250 783 2318 bellum
809 2269 954 2331 noverat,
983 2254 1098 2345 ecquis
1125 2249 1168 2317 dc
1188 2251 1249 2319 do·

161 2368 299 2432 mestico
327 2366 487 2458 Syrorum
515 2369 756 2460 mancipiorum
783 2394 843 2435 usu
870 2349 1096 2434 dubitaverit?
1147 2369 1249 2435 Ceta-

161 2506 235 2546 rum
263 2506 338 2546 cum
364 2507 537 2572 perrarum
564 2486 597 2548 in
624 2482 782 2551 Plautinis
808 2482 927 2548 fabulis
956 2509 1026 2549 esse
1042 2481 1161 2573 ,Syrus
1185 2507 1250 2550 no·

163 2625 240 2664 men
257 2599 427 2664 Naudctus
450 2601 504 2678 ait,
527 2601 751 2691 reputandum
780 2618 851 2666 erat
875 2626 918 2666 ne
939 2600 1000 2666 alia
1018 2600 1155 2693 quidem
1176 2627 1250 2668 ser-

163 2738 277 2780 vorum
312 2716 447 2782 nomina
482 2717 717 2808 aregionibus
752 2717 944 2808 gentibusve
967 2715 1066 2781 docta
1088 2716 1249 2808 frequen·

167 2830 248 2895 tiora
276 2856 362 2896 csse:
388 2831 545 2922 qualium,
574 2849 607 2896 ut
629 2857 706 2897 vere
733 2831 852 2908 dicam,
879 2850 1011 2924 praeter
1033 2829 1118 2896 illud
1138 2832 1248 2923 ipsum

160 2945 249 3037 apud
264 2945 412 3012 Plautum
435 2946 561 3011 nullum
578 2971 714 3037 prorsus
731 2945 921 3041 exemplum
947 2944 1109 3032 exstat**),
1132 2964 1248 3023 contra

161 3057 260 3154 atquc
294 3063 383 3154 apud
412 3065 618 3127 Terentium.
668 3062 789 3154 Neque
827 3060 914 3128 illud
946 3060 1144 3128 dubitationi
1180 3087 1249 3129 non

165 3177 354 3256 obnoxium,
382 3176 473 3268 quod
496 3177 657 3269 Syrorum
685 3181 1033 3245 commemorationem
1056 3179 1120 3270 ipsi
1134 3177 1251 3244 Plauto

165 3292 285 3359 deberi
323 3312 356 3359 et
390 3320 431 3359 ex
457 3293 623 3360 irridendi
650 3293 787 3360 consilio
815 3292 1036 3385 repetendam
1064 3318 1138 3358 esse
1165 3317 1248 3359 con-

164 3407 278 3473 tendit.
330 3408 419 3492 Quid
446 3410 532 3473 enim
557 3428 605 3474 est
633 3408 783 3487 tandem,
809 3434 869 3474 eur
892 3432 958 3475 non
981 3409 1130 3501 potuisse
1148 3407 1253 3474 Gree-

165 3549 238 3590 enm
267 3542 418 3615 poetam,
451 3545 486 3591 nt
510 3525 704 3616 pestiferam
729 3523 826 3617 agelli
853 3523 941 3592 illius
968 3543 1117 3591 naturam
1145 3526 1251 3617 gresi-

165 3656 216 3705 ter
242 3641 458 3731 significaret,
494 3641 558 3708 hoc
584 3659 779 3732 argumento
804 3643 850 3708 uti
877 3640 1116 3722 concedamus,
1145 3658 1180 3706 nt
1207 3648 1252 3706 n'e
1336 3714 1345 3726 ⁶

166 3753 462 3822 laboriosissimum
497 3755 635 3850 quidem
666 3759 1010 3849 patientissimumque
1048 3781 1152 3848 genus
1179 3779 1251 3821 ser-

165 3896 278 3938 vorum
306 3872 375 3938 illic
402 3899 503 3965 posse
530 3873 715 3965 perdurare
743 3873 888 3939 diceret?
915 3869 1020 3938 Modo
1046 3873 1112 3938 hoc
1139 3872 1252 3961 ipsum

164 3986 198 4051 in
231 3989 332 4077 Syros
366 3991 573 4079 potissimum
613 3989 790 4055 convenire
815 4003 952 4053 constet.
1004 3986 1106 4077 Atqui
1133 4009 1253 4051 revera

163 4103 408 4169 robustissimos
433 4105 535 4169 luisse
559 4103 610 4170 vel
639 4127 677 4169 eo
704 4101 915 4194 intelligitur,
948 4099 1040 4194 quod
1063 4102 1151 4165 iuxta
1178 4124 1253 4166 cum

161 4215 419 4309 Cappadocibus
463 4220 680 4311 bitltynisque
724 4218 812 4309 gravi
852 4214 1047 4282 lecticarum
1078 4213 1254 4309 gestanda·

162 4361 238 4400 rum
266 4336 394 4398 muneri
424 4334 575 4400 adbiberi
599 4333 686 4400 soliti
717 4350 804 4399 sunt:
840 4356 907 4423 qno
937 4330 1099 4397 luvenalis
1128 4347 1256 4423 spectat

164 4452 222 4525 Vl,
248 4452 312 4516 351
334 4475 340 4511 :

199 4563 333 4572 —0-—-—
346 4564 441 4571 -0———-

221 4616 244 4674 “)
267 4610 409 4670 sentences,
420 4587 639 4656 notrsembucinas
646 4608 670 4654 in
682 4604 752 4655 libris
760 4614 800 4655 est
808 4605 933 4655 omnibus.
944 4604 1063 4655 Ceterum
1072 4603 1105 4653 el.
1116 4619 1140 4670 p.
1151 4603 1204 4656 ‘268
1215 4617 1255 4672 sq.

194 4702 233 4766 ”J
263 4698 343 4750 Vnum
362 4709 429 4749 nunc
448 4695 562 4764 suppetit
581 4692 650 4751 Citra
668 4708 709 4760 ap.
730 4691 811 4745 schol,
834 4692 894 4744 llor.
914 4693 965 4745 Sat.
984 4690 1018 4755 ll,
1040 4692 1067 4755 ὀ,
1091 4693 1131 4745 n.
