2820 5332
441 636 605 682 rausvunr
632 635 825 681 autvrtnaa.
1096 610 1167 686 569

95 810 235 888 habeat,
276 807 332 901 qui
362 805 456 902 loqui
489 832 651 874 summum
687 804 825 874 dicendi
853 805 1015 874 artificem
1047 803 1171 875 docere

99 925 212 992 voluit.

174 1054 345 1148 Explicato
372 1056 611 1121 sententiarum
638 1077 724 1119 nexu
749 1055 905 1118 universo
931 1070 1032 1118 restat
1057 1070 1093 1119 ut
1109 1055 1176 1120 sin-

100 1170 175 1264 gula
197 1170 360 1263 quaedam
389 1168 616 1262 expediantur.
653 1170 742 1234 Etr.
770 1167 906 1260 quidem
934 1170 979 1238 27
1003 1192 1088 1259 ergo
1113 1172 1179 1260 igi·

102 1304 159 1353 tur
179 1286 414 1379 particularum
441 1287 639 1352 consociatio
667 1285 743 1350 satis
769 1284 970 1350 auctoritatis
997 1285 1038 1350 ab
1059 1285 1176 1375 Appu-

84 1403 145 1487 ,tei
172 1400 332 1493 exemplis
358 1402 466 1479 habet,
493 1426 577 1493 quae
602 1398 783 1466 Tursellini
809 1399 850 1479 ΙΙ,
873 1425 907 1492 p.
929 1396 1000 1471 465
1027 1398 1177 1466 Handius

103 1518 379 1585 commemoravit.
409 1549 450 1562 ·-
476 1517 516 1581 V.
545 1518 591 1586 ‘28
616 1519 680 1589 rei,
706 1513 798 1606 quod
823 1516 864 1581 ab
891 1514 984 1580 libris
1011 1516 1176 1594 omnibus,

48 1630 50 1634 ’
103 1635 200 1700 etiam
226 1632 445 1697 Ambrosiano
472 1632 573 1708 abest,
597 1629 779 1695 rectissime
805 1627 941 1695 addidit
957 1629 1177 1696 Camerarius.

100 1787 150 1804 ·-
164 1749 363 1826 Proximum,
389 1745 488 1837 longe
514 1745 627 1838 petitis
652 1760 685 1810 et
707 1763 861 1836 exparte
885 1746 1080 1837 turpissimis
1099 1768 1181 1811 eon-

102 1865 238 1931 iecturis
276 1862 355 1928 inde
392 1889 409 1927 a
441 1862 634 1927 Camerario
668 1834 837 1941 veritum,
881 1885 922 1926 ex
959 1861 1180 1928 Ambrosiano

104 1981 204 2047 ascita
230 1981 374 2046 omnium
402 1977 646 2070 simplicissima
685 1980 821 2045 notione
854 1994 1003 2044 mutuum
1032 1976 1181 2043 redinte-

105 2098 277 2188 gravimus.
328 2095 366 2158 In
392 2093 457 2159 fine
485 2081 594 2159 autem
620 2119 732 2161 versus
758 2116 860 2184 roges
883 2117 950 2160 non
975 2095 1077 2188 magis
1101 2092 1182 2159 sarri

104 2229 215 2303 potest
240 2235 338 2303 quam
364 2237 394 2276 v.
423 2211 463 2278 21
494 2207 617 2274 adeam
643 2227 677 2275 et
700 2207 877 2274 edoceam:
908 2207 944 2274 id
970 2207 1062 2302 quod
1087 2226 1179 2274 reete

104 2325 203 2391 Italus
227 2343 396 2392 corrector
420 2326 612 2418 perspexit,
634 2326 687 2392 oui
711 2348 830 2415 rogem
860 2323 1004 2390 debetur
1029 2327 1064 2390 in
1089 2324 1180 2416 Lips.

106 2439 181 2508 eod.
208 2458 242 2506 et
266 2439 318 2506 ed.
341 2443 446 2533 princ.
474 2459 613 2511 exstans.
671 2439 741 2507 Nee
766 2464 842 2506 raro
868 2464 1086 2532 personarum
1111 2439 1181 2507 sor-

105 2579 178 2619 mae
203 2553 352 2621 verbales
378 2556 412 2620 in
437 2555 533 2621 libris
558 2573 779 2647 permutatae,
818 2547 908 2621 velut
937 2557 973 2621 in
998 2557 1071 2647 ipso
1099 2556 1184 2620 Am-

12 2676 15 2685 “
106 2671 261 2735 brosiano
286 2670 311 2749 Ι,
340 2676 371 2750 Ι,
397 2673 418 2738 5
436 2672 557 2756 faciat
581 2669 703 2762 legitur
728 2693 791 2762 pro
808 2673 971 2757 faciam,
999 2672 1033 2735 in
1056 2671 1183 2737 Vetere

109 2785 136 2864 I,
162 2787 197 2863 2,
224 2786 291 2854 158
319 2784 450 2851 volebat
472 2810 534 2877 pro
564 2784 738 2861 volebam,
764 2786 806 2866 ΙΙ,
833 2790 865 2866 2,
889 2788 934 2856 87
963 2791 1095 2878 expetis
1119 2810 1183 2878 pro

109 2904 247 2991 expetit,
274 2902 332 2980 lv,
347 2904 379 2979 2,
394 2900 440 2971 36
463 2900 611 2967 habitem
636 2928 699 2994 pro
725 2901 894 2978 habitent,
919 2902 1000 2969 ibid.
1017 2899 1085 2971 144
1112 2907 1184 2969 aie-

109 3015 168 3081 bat
194 3040 256 3109 pro
280 3016 408 3093 aiebas,
429 3018 485 3098 IV,
502 3019 536 3095 3,
554 3016 599 3084 61
619 3016 692 3109 fies
713 3042 776 3110 pro
791 3018 882 3111 flet:
910 3036 945 3084 ut
969 3021 1002 3084 in
1030 3021 1080 3086 his
1105 3019 1185 3086 sub-

112 3135 231 3197 sistam.
258 3167 304 3179 —
331 3135 373 3200 V.
391 3134 437 3201 32
465 3158 538 3199 eum
567 3134 758 3200 Hermanno
783 3158 871 3226 nego
893 3159 959 3202 non
985 3152 1078 3201 acuta
1103 3161 1186 3227 pae-

109 3244 249 3311 nultima
275 3245 358 3312 milti
390 3249 537 3340 potuisse
564 3249 645 3339 poni
674 3267 748 3314 ante
768 3248 921 3340 quidem,
955 3274 1020 3316 nec
1051 3250 1184 3316 invenio

112 3359 204 3452 quod
228 3362 409 3452 praemissa
435 3363 475 3427 ab
503 3362 624 3430 eodem
646 3363 708 3455 pol
723 3363 882 3455 particula
909 3388 981 3430 esse
1007 3365 1113 3456 aptius
1133 3363 1185 3429 di-

113 3501 193 3542 cam.
232 3477 315 3542 Nam
340 3479 394 3545 Ne
419 3477 587 3545 mibi‘etsi
612 3477 739 3545 facilius
768 3483 866 3546 etiam
890 3481 1051 3571 restituas,
1078 3497 1187 3546 tamen

111 3617 180 3659 non
211 3595 317 3686 possit
353 3618 421 3659 non
456 3592 636 3686 displicere
675 3598 839 3664 continuis
873 3597 1023 3663 versibus
1058 3595 1189 3662 duobus

112 3709 229 3774 iterata
256 3710 463 3776 asseveratio.
522 3709 595 3777 Nee
619 3710 719 3779 rideo
747 3713 799 3778 cui
824 3711 897 3777 usui
925 3735 996 3775 esse
1020 3709 1191 3776 Vrsiniani

115 3823 239 3890 codicis
265 3828 349 3894 haee
374 3825 537 3917 scriptura
552 3829 672 3919 possit:
699 3829 871 3892 inveneris
886 3825 970 3890 mihi
980 3833 992 3898 t!
1008 3821 1100 3893 Milu'
1115 3827 1190 3916 qrti-

114 3938 200 4004 dem.
224 3976 270 3987 -
300 3944 341 4007 V.
368 3943 412 4012 33
442 3942 573 4036 egregie
596 3960 737 4032 nugatur
762 3938 1026 4018 Lindemannus,
1066 3953 1102 4004 ut
1126 3936 1187 4004 des

115 4071 263 4120 mutuum
287 4058 397 4123 verbis
419 4061 454 4123 in
479 4055 693 4147 mutetfides
718 4055 895 4147 perversis.
956 4052 1061 4134 Illud,
1095 4052 1189 4147 quod

116 4175 228 4265 testari
256 4175 354 4238 ctiam
379 4174 616 4238 Ambrosianus
641 4170 791 4251 videtur,
830 4195 870 4237 ex
903 4171 1037 4238 Veteris
1064 4168 1190 4237 codicis

114 4289 274 4382 memoria
301 4287 396 4352 uides
421 4304 569 4353 mutuum
588 4288 755 4353 verissime
780 4288 820 4352 ab
839 4287 1032 4354 Camerario
1059 4303 1191 4352 erutum

117 4429 197 4496 quas
224 4402 467 4498 depravationis
505 4420 660 4496 tanquam
692 4403 917 4470 successiones
945 4420 1118 4495 expertum
1139 4398 1192 4481 sit,

807 4537 957 4585 mutuum

121 4643 139 4685 e
165 4625 285 4688 ceteris
309 4619 555 4712 libris-patefit:
595 4645 672 4687 nam
697 4619 793 4688 uides
814 4623 947 4687 mutari
971 4619 1078 4687 estin
1102 4616 1196 4685 Vrsi-
