2820 5332
445 674 610 719 rsrsvrrur
639 676 833 720 retrursus.
1105 659 1176 729 527

96 846 184 912 aliae
211 845 336 913 formae
361 843 414 911 vcl
442 843 641 913 exciderunt
665 845 717 912 vel
739 845 944 915 oblitteratae
967 868 1052 922 sunt.
1075 852 1179 921 Velut

96 963 137 1040 ΙΙ,
164 964 198 1039 2,
224 962 267 1028 12
293 959 379 1042 (290
393 957 447 1044 H.)
477 962 505 1025 si
528 963 664 1028 omnino
687 961 922 1056 amplectenda
948 966 990 1031 sit
1016 968 1179 1035 Herman-

95 1078 192 1142 niana
216 1076 299 1142 ratio
325 1099 480 1141 versuum
506 1075 816 1168 disponendorum,
842 1078 961 1146 saltem
986 1080 1113 1151 adiectu
1137 1108 1179 1150 ca

96 1191 215 1260 vocula
241 1214 400 1257 numeros
423 1190 612 1260 fulciendos
637 1212 753 1284 putes:
1043 1197 1045 1199 ’

191 1305 385 1376 derumas
410 1307 495 1373 lraec
521 1307 621 1389 milri,
657 1305 758 1402 quom
796 1333 839 1375 ea
873 1311 991 1388 video,
1025 1307 1178 1390 eliciunt,

608 1428 690 1516 quia
712 1447 778 1514 ego
811 1424 859 1490 od
879 1423 942 1492 lro'c
966 1452 1078 1517 gertus
1107 1463 1173 1496 -.

95 1540 148 1607 Ab
174 1540 249 1632 ipso
277 1538 470 1605 Hermanno
498 1539 661 1605 insertum
687 1544 716 1605 is
750 1541 990 1608 nominativum
1023 1545 1083 1610 etsi
1116 1568 1179 1636 per

94 1680 131 1722 se
157 1679 226 1721 non
251 1654 479 1746 improbamus
506 1653 548 1733 ΙΙ,
578 1652 607 1733 l,
637 1658 680 1725 15
707 1650 792 1741 (243
817 1651 886 1739 H.):

195 1767 352 1836 Celticum
386 1766 586 1859 indagcitor.
633 1793 715 1835 riam
745 1770 848 1863 qudm
880 1776 1057 1864 quisquam
1082 1772 1178 1841 amc't

610 1907 725 1974 quam,

200 2001 312 2091 Quam
336 2004 365 2064 is
390 1994 558 2092 e'xtemplo
576 1996 652 2066 scivi
674 1995 815 2091 sagittis
833 1994 1029 2091 percissust
1056 2026 1084 2069 e.
1098 2031 1131 2097 q.
1147 2028 1173 2072 s.

96 2130 207 2180 tumen
232 2113 361 2206 reliqua
388 2138 463 2179 cum
488 2139 555 2206 per
579 2139 613 2181 se
631 2140 786 2181 veremur
811 2133 848 2183 ut
874 2114 1015 2182 defendi
1036 2121 1177 2211 possint,

95 2245 165 2294 tum
191 2231 231 2295 ob
260 2228 413 2295 codicum
439 2229 601 2295 memoria
625 2227 791 2296 recedunt
814 2228 1020 2323 longissime.
1059 2233 1099 2299 In
1116 2237 1177 2301 Ps-

84 2344 197 2411 lstino
224 2346 313 2411 enim
335 2345 460 2412 Vetere
486 2362 535 2411 est
557 2369 638 2410 riam
659 2345 728 2438 quiz
745 2343 794 2409 ad
817 2343 910 2437 quod
935 2345 1055 2414 domat
1077 2373 1180 2440 piram

96 2460 286 2552 extemplo,
323 2462 358 2524 in
391 2463 572 2527 Decurtsto
600 2465 710 2551 numq’
737 2458 785 2523 ad
809 2458 901 2551 quod
925 2457 1051 2528 clamat
1076 2488 1177 2556 quarn

95 2576 287 2667 extemplo,
324 2577 359 2640 in
385 2575 606 2641 Ambrosiuno
632 2591 743 2641 sutem
776 2597 858 2639 nam
884 2579 944 2667 qui
966 2592 1060 2643 amat
1084 2579 1178 2671 quod

94 2707 190 2757 amat
215 2715 315 2783 quam
338 2690 518 2782 extemplo.
580 2692 721 2757 Tentsri
758 2690 858 2782 igitur
888 2709 1016 2759 servato
1053 2697 1083 2759 is
1115 2695 1174 2764 illo

94 2808 216 2899 possit:
250 2831 331 2870 nam
352 2800 411 2899 qui
435 2822 550 2880 amat,
575 2829 676 2897 quom
699 2800 830 2871 amicae
851 2809 863 2874 ll
886 2805 926 2873 Is
950 2802 1118 2902 e'xtcmplo
1145 2837 1175 2879 e.

96 2950 129 3015 q.
144 2948 169 2988 s.
204 2921 274 2988 Sed
300 2923 439 3014 propius
468 2922 565 2987 etism
591 2919 633 2987 nd
658 2919 822 2989 librorum
848 2922 985 3014 vestigio
1010 2926 1175 2995 secedere

95 3060 195 3127 possc
219 3034 386 3114 videmur,
423 3036 450 3102 si
477 3060 544 3103 non
568 3039 617 3110 is,
652 3034 713 3102 sed
740 3039 810 3102 cius
834 3035 999 3106 excidisse
1023 3045 1177 3110 statueri-

94 3176 177 3230 mus,
205 3151 253 3216 sic
277 3150 429 3246 quidem:

393 3261 557 3361 namqui
580 3283 688 3342 amat,
713 3293 816 3360 quam
839 3270 944 3352 amcit,
970 3295 1071 3365 quom

194 3385 278 3450 Eius
303 3378 470 3472 intemplo
492 3381 569 3451 scivi
590 3379 732 3474 sagittis
751 3381 958 3477 permissuri.

92 3498 158 3567 Vel
172 3501 310 3569 sortasse
329 3500 425 3566 etiam
440 3501 504 3568 sic:
521 3495 675 3592 namqui
691 3518 799 3589 aciat,
814 3527 927 3595 quom,
943 3502 1047 3597 qudm
1058 3512 1175 3590 aciat]

91 3616 176 3682 Eius
202 3642 231 3682 e.
257 3642 290 3709 q.
316 3640 342 3684 s.
407 3617 567 3683 Ceterum
601 3620 744 3684 certiore
774 3617 899 3687 iudicio
929 3617 1021 3686 idem
1045 3644 1175 3711 prono·

92 3756 169 3796 men
194 3733 365 3799 reiicimns
391 3728 462 3797 eliis
489 3730 653 3824 exemplis
680 3758 884 3826 perperam,
909 3750 946 3799 ut
966 3734 1174 3813 arbitremur,
1234 3812 1240 3820 ,

92 3848 265 3913 intrusum.
328 3853 378 3915 Ac
405 3848 448 3927 ΙΙ,
476 3855 513 3928 1,Ι
535 3851 576 3916 ‘21
607 3847 695 3933 (952
723 3845 778 3931 Η.)
808 3848 929 3915 omisso
952 3849 1044 3914 siin
1069 3847 1175 3916 libro·

92 3987 167 4027 rum
194 3959 261 4026 fide
288 3962 570 4055 acquiescendum
611 3987 684 4029 esse
716 3963 789 4055 ipse
817 3962 1025 4029 Hermannus
1058 3982 1174 4055 postca

69 4066 256 4142 'intellexit
279 4075 388 4143 Elem.
416 4077 522 4146 doctr.
556 4095 651 4144 metr.
673 4102 707 4171 p.
735 4079 817 4148 212.
868 4076 953 4144 Item
983 4075 1021 4145 id
1052 4075 1172 4147 delen-

91 4191 173 4258 dum
199 4191 241 4270 ΙΙ,
266 4190 300 4271 4,
329 4192 417 4263 194:

193 4489 288 4533 mutato
309 4459 415 4534 eundcin
435 4481 651 4533 constructionem
669 4480 788 4533 renituit

287 4577 356 4640 ocio
372 4577 428 4628 siste
443 4578 513 4628 omni
528 4575 661 4640 mutuet,
681 4576 793 4629 coortu
810 4583 946 4646 oportuisse
962 4580 987 4628 es·
1003 4576 1070 4629 solu.

289 4672 540 4743 'damnatam
558 4671 729 4741 titoluaelr‘t,
746 4677 770 4727 si
788 4670 1116 4745 quidalilluasor'ptris.
