<?xml version="1.0" encoding="UTF-8"?>
<!DOCTYPE html PUBLIC "-//W3C//DTD XHTML 1.0 Transitional//EN"
    "http://www.w3.org/TR/xhtml1/DTD/xhtml1-transitional.dtd">
<html xmlns="http://www.w3.org/1999/xhtml" xml:lang="en" lang="en">
 <head>
  <title>
</title>
<meta http-equiv="Content-Type" content="text/html;charset=utf-8" />
  <meta name='ocr-system' content='tesseract 3.04.00' />
  <meta name='ocr-capabilities' content='ocr_page ocr_carea ocr_par ocr_line ocrx_word'/>
</head>
<body>
  <div class='ocr_page' id='page_1' title='image "./parergonplautin01ritsgoog_0418.png"; bbox 0 0 2820 5332; ppageno 0'>
   <div class='ocr_carea' id='block_1_1' title="bbox 447 688 1188 767">
    <p class='ocr_par' dir='ltr' id='par_1_1' title="bbox 447 688 1188 767">
     <span class='ocr_line' id='line_1_1' title="bbox 447 688 1188 767; baseline 0.001 -11"><span class='ocrx_word' id='word_1_1' title='bbox 447 711 560 756; x_wconf 78' lang='lat' dir='ltr'><strong>autari</strong></span> <span class='ocrx_word' id='word_1_2' title='bbox 587 713 855 756; x_wconf 76' lang='lat' dir='ltr'><strong>tnraaaaurrsrs.</strong></span> <span class='ocrx_word' id='word_1_3' title='bbox 1118 688 1188 767; x_wconf 77' lang='lat'><strong>377</strong></span> 
     </span>
    </p>
   </div>
   <div class='ocr_carea' id='block_1_2' title="bbox 100 863 1190 2020">
    <p class='ocr_par' dir='ltr' id='par_1_2' title="bbox 100 863 1190 2020">
     <span class='ocr_line' id='line_1_2' title="bbox 103 863 1189 980; baseline -0.001 -26"><span class='ocrx_word' id='word_1_4' title='bbox 103 885 301 954; x_wconf 80' lang='lat' dir='ltr'><strong>Weiclrerto</strong></span> <span class='ocrx_word' id='word_1_5' title='bbox 336 891 427 954; x_wconf 91' lang='lat' dir='ltr'><strong>Poet.</strong></span> <span class='ocrx_word' id='word_1_6' title='bbox 465 886 518 954; x_wconf 82' lang='lat' dir='ltr'><strong>lat</strong></span> <span class='ocrx_word' id='word_1_7' title='bbox 557 863 653 980; x_wconf 85' lang='lat' dir='ltr'><strong>reliq.</strong></span> <span class='ocrx_word' id='word_1_8' title='bbox 691 913 724 979; x_wconf 91' lang='lat' dir='ltr'><strong>p.</strong></span> <span class='ocrx_word' id='word_1_9' title='bbox 758 884 806 956; x_wconf 85' lang='lat'><strong>99</strong></span> <span class='ocrx_word' id='word_1_10' title='bbox 837 911 912 979; x_wconf 86' lang='lat' dir='ltr'><strong>sqq.</strong></span> <span class='ocrx_word' id='word_1_11' title='bbox 954 885 1075 954; x_wconf 85' lang='lat' dir='ltr'><strong>sactum</strong></span> <span class='ocrx_word' id='word_1_12' title='bbox 1109 904 1189 967; x_wconf 88' lang='lat' dir='ltr'><strong>erat,</strong></span> 
     </span>
     <span class='ocr_line' id='line_1_3' title="bbox 100 1001 1190 1096; baseline -0.001 -27"><span class='ocrx_word' id='word_1_13' title='bbox 100 1001 287 1094; x_wconf 82' lang='lat' dir='ltr'>Madvigius</span> <span class='ocrx_word' id='word_1_14' title='bbox 334 1002 513 1096; x_wconf 89' lang='lat' dir='ltr'><strong>disputavit</strong></span> <span class='ocrx_word' id='word_1_15' title='bbox 551 1003 676 1094; x_wconf 88' lang='lat' dir='ltr'><strong>Opusc.</strong></span> <span class='ocrx_word' id='word_1_16' title='bbox 711 1029 742 1095; x_wconf 88' lang='lat' dir='ltr'><strong>p.</strong></span> <span class='ocrx_word' id='word_1_17' title='bbox 772 1003 862 1071; x_wconf 83' lang='lat'>100:</span> <span class='ocrx_word' id='word_1_18' title='bbox 899 1003 1047 1069; x_wconf 90' lang='lat' dir='ltr'><strong>omnium</strong></span> <span class='ocrx_word' id='word_1_19' title='bbox 1081 1021 1190 1069; x_wconf 90' lang='lat' dir='ltr'><strong>autem</strong></span> 
     </span>
     <span class='ocr_line' id='line_1_4' title="bbox 102 1116 1186 1209; baseline 0.002 -26"><span class='ocrx_word' id='word_1_20' title='bbox 102 1117 354 1209; x_wconf 79' lang='lat' dir='ltr'><strong>diligentissime</strong></span> <span class='ocrx_word' id='word_1_21' title='bbox 385 1121 422 1186; x_wconf 93' lang='lat' dir='ltr'><strong>C.</strong></span> <span class='ocrx_word' id='word_1_22' title='bbox 450 1120 488 1185; x_wconf 92' lang='lat' dir='ltr'><strong>L.</strong></span> <span class='ocrx_word' id='word_1_23' title='bbox 516 1119 652 1185; x_wconf 88' lang='lat' dir='ltr'><strong>Rothius</strong></span> <span class='ocrx_word' id='word_1_24' title='bbox 688 1122 722 1183; x_wconf 93' lang='lat' dir='ltr'><strong>in</strong></span> <span class='ocrx_word' id='word_1_25' title='bbox 748 1119 823 1184; x_wconf 89' lang='lat' dir='ltr'><strong>Vita</strong></span> <span class='ocrx_word' id='word_1_26' title='bbox 850 1116 1012 1184; x_wconf 87' lang='lat' dir='ltr'><strong>Sisennae</strong></span> <span class='ocrx_word' id='word_1_27' title='bbox 1039 1116 1186 1184; x_wconf 85' lang='lat' dir='ltr'><strong>Basileae</strong></span> 
     </span>
     <span class='ocr_line' id='line_1_5' title="bbox 103 1231 1190 1325; baseline 0.003 -28"><span class='ocrx_word' id='word_1_28' title='bbox 103 1231 192 1298; x_wconf 87' lang='lat' dir='ltr'><strong>edita</strong></span> <span class='ocrx_word' id='word_1_29' title='bbox 218 1259 245 1298; x_wconf 91' lang='lat' dir='ltr'><strong>a.</strong></span> <span class='ocrx_word' id='word_1_30' title='bbox 275 1232 380 1305; x_wconf 68' lang='lat'><strong>1834.</strong></span> <span class='ocrx_word' id='word_1_31' title='bbox 403 1233 434 1319; x_wconf 79' lang='lat' dir='ltr'><strong>*l</strong></span> <span class='ocrx_word' id='word_1_32' title='bbox 487 1238 529 1302; x_wconf 87' lang='lat' dir='ltr'><strong>Et</strong></span> <span class='ocrx_word' id='word_1_33' title='bbox 554 1233 664 1300; x_wconf 92' lang='lat' dir='ltr'><strong>medio</strong></span> <span class='ocrx_word' id='word_1_34' title='bbox 690 1233 826 1325; x_wconf 89' lang='lat' dir='ltr'><strong>quidem</strong></span> <span class='ocrx_word' id='word_1_35' title='bbox 853 1233 987 1300; x_wconf 90' lang='lat' dir='ltr'><strong>saeculo</strong></span> <span class='ocrx_word' id='word_1_36' title='bbox 1013 1234 1053 1300; x_wconf 89' lang='lat' dir='ltr'><strong>V.</strong></span> <span class='ocrx_word' id='word_1_37' title='bbox 1069 1234 1107 1301; x_wconf 85' lang='lat' dir='ltr'><strong>C.</strong></span> <span class='ocrx_word' id='word_1_38' title='bbox 1135 1257 1190 1300; x_wconf 87' lang='lat' dir='ltr'><strong>se·</strong></span> 
     </span>
     <span class='ocr_line' id='line_1_6' title="bbox 103 1346 1187 1443; baseline -0.002 -29"><span class='ocrx_word' id='word_1_39' title='bbox 103 1350 220 1440; x_wconf 87' lang='lat' dir='ltr'><strong>ptimo,</strong></span> <span class='ocrx_word' id='word_1_40' title='bbox 247 1374 313 1442; x_wconf 89' lang='lat' dir='ltr'><strong>quo</strong></span> <span class='ocrx_word' id='word_1_41' title='bbox 340 1351 488 1443; x_wconf 82' lang='lat' dir='ltr'><strong>pertinet</strong></span> <span class='ocrx_word' id='word_1_42' title='bbox 513 1351 653 1418; x_wconf 85' lang='lat' dir='ltr'><strong>Sisenna</strong></span> <span class='ocrx_word' id='word_1_43' title='bbox 681 1350 722 1435; x_wconf 86' lang='lat' dir='ltr'><strong>(a.</strong></span> <span class='ocrx_word' id='word_1_44' title='bbox 738 1351 873 1414; x_wconf 87' lang='lat' dir='ltr'><strong>circiter</strong></span> <span class='ocrx_word' id='word_1_45' title='bbox 890 1346 962 1416; x_wconf 69' lang='grc'><strong>634</strong></span> <span class='ocrx_word' id='word_1_46' title='bbox 976 1366 1078 1426; x_wconf 89' lang='lat' dir='ltr'><strong>natus,</strong></span> <span class='ocrx_word' id='word_1_47' title='bbox 1097 1371 1187 1414; x_wconf 89' lang='lat' dir='ltr'><strong>mor·</strong></span> 
     </span>
     <span class='ocr_line' id='line_1_7' title="bbox 103 1462 1187 1558; baseline -0.002 -28"><span class='ocrx_word' id='word_1_48' title='bbox 103 1483 175 1530; x_wconf 88' lang='lat' dir='ltr'><strong>tuus</strong></span> <span class='ocrx_word' id='word_1_49' title='bbox 202 1490 229 1530; x_wconf 87' lang='lat' dir='ltr'><strong>a.</strong></span> <span class='ocrx_word' id='word_1_50' title='bbox 256 1463 359 1549; x_wconf 87' lang='grc'>686),</span> <span class='ocrx_word' id='word_1_51' title='bbox 398 1491 484 1558; x_wconf 84' lang='lat' dir='ltr'><strong>quac</strong></span> <span class='ocrx_word' id='word_1_52' title='bbox 522 1465 676 1533; x_wconf 88' lang='lat' dir='ltr'><strong>condicio</strong></span> <span class='ocrx_word' id='word_1_53' title='bbox 711 1464 811 1532; x_wconf 83' lang='lat' dir='ltr'><strong>luerit</strong></span> <span class='ocrx_word' id='word_1_54' title='bbox 835 1488 901 1531; x_wconf 92' lang='lat' dir='ltr'><strong>uon</strong></span> <span class='ocrx_word' id='word_1_55' title='bbox 927 1463 1036 1530; x_wconf 89' lang='lat' dir='ltr'><strong>dicam</strong></span> <span class='ocrx_word' id='word_1_56' title='bbox 1063 1462 1187 1529; x_wconf 85' lang='lat' dir='ltr'><strong>littera·</strong></span> 
     </span>
     <span class='ocr_line' id='line_1_8' title="bbox 101 1580 1190 1673; baseline 0 -29"><span class='ocrx_word' id='word_1_57' title='bbox 101 1603 195 1659; x_wconf 89' lang='lat' dir='ltr'><strong>rum,</strong></span> <span class='ocrx_word' id='word_1_58' title='bbox 229 1580 291 1647; x_wconf 89' lang='lat' dir='ltr'><strong>sed</strong></span> <span class='ocrx_word' id='word_1_59' title='bbox 330 1580 530 1672; x_wconf 87' lang='lat' dir='ltr'><strong>disciplinae</strong></span> <span class='ocrx_word' id='word_1_60' title='bbox 566 1581 819 1673; x_wconf 72' lang='lat' dir='ltr'><strong>grammaticae,</strong></span> <span class='ocrx_word' id='word_1_61' title='bbox 856 1580 913 1672; x_wconf 89' lang='lat' dir='ltr'><strong>qni</strong></span> <span class='ocrx_word' id='word_1_62' title='bbox 947 1581 1008 1646; x_wconf 91' lang='lat' dir='ltr'><strong>flos</strong></span> <span class='ocrx_word' id='word_1_63' title='bbox 1042 1597 1075 1646; x_wconf 85' lang='lat' dir='ltr'><strong>et</strong></span> <span class='ocrx_word' id='word_1_64' title='bbox 1095 1581 1190 1671; x_wconf 85' lang='lat' dir='ltr'><strong>vigor</strong></span> 
     </span>
     <span class='ocr_line' id='line_1_9' title="bbox 101 1692 1189 1789; baseline -0.002 -27"><span class='ocrx_word' id='word_1_65' title='bbox 101 1699 208 1763; x_wconf 90' lang='lat' dir='ltr'><strong>omnis</strong></span> <span class='ocrx_word' id='word_1_66' title='bbox 232 1695 429 1763; x_wconf 88' lang='lat' dir='ltr'><strong>eruditionis</strong></span> <span class='ocrx_word' id='word_1_67' title='bbox 455 1695 696 1789; x_wconf 88' lang='lat' dir='ltr'><strong>philologicae‚</strong></span> <span class='ocrx_word' id='word_1_68' title='bbox 730 1713 794 1760; x_wconf 89' lang='lat' dir='ltr'><strong>tam</strong></span> <span class='ocrx_word' id='word_1_69' title='bbox 830 1715 981 1763; x_wconf 86' lang='lat' dir='ltr'><strong>accurate</strong></span> <span class='ocrx_word' id='word_1_70' title='bbox 1013 1694 1105 1761; x_wconf 88' lang='lat' dir='ltr'><strong>idem</strong></span> <span class='ocrx_word' id='word_1_71' title='bbox 1131 1692 1189 1760; x_wconf 89' lang='lat' dir='ltr'><strong>ille</strong></span> 
     </span>
     <span class='ocr_line' id='line_1_10' title="bbox 100 1811 1190 1904; baseline -0.005 -25"><span class='ocrx_word' id='word_1_72' title='bbox 100 1812 287 1903; x_wconf 86' lang='lat' dir='ltr'><strong>Madvigius</strong></span> <span class='ocrx_word' id='word_1_73' title='bbox 309 1838 343 1904; x_wconf 88' lang='lat' dir='ltr'><strong>p.</strong></span> <span class='ocrx_word' id='word_1_74' title='bbox 373 1811 440 1880; x_wconf 83' lang='lat'><strong>106</strong></span> <span class='ocrx_word' id='word_1_75' title='bbox 469 1837 518 1904; x_wconf 89' lang='lat' dir='ltr'><strong>sq.</strong></span> <span class='ocrx_word' id='word_1_76' title='bbox 554 1811 733 1903; x_wconf 82' lang='lat' dir='ltr'><strong>descripsit</strong></span> <span class='ocrx_word' id='word_1_77' title='bbox 766 1828 799 1877; x_wconf 90' lang='lat' dir='ltr'><strong>et</strong></span> <span class='ocrx_word' id='word_1_78' title='bbox 824 1828 979 1903; x_wconf 88' lang='lat' dir='ltr'><strong>tauquam</strong></span> <span class='ocrx_word' id='word_1_79' title='bbox 1005 1827 1079 1876; x_wconf 90' lang='lat' dir='ltr'><strong>ante</strong></span> <span class='ocrx_word' id='word_1_80' title='bbox 1108 1833 1190 1876; x_wconf 85' lang='lat' dir='ltr'><strong>ocu·</strong></span> 
     </span>
     <span class='ocr_line' id='line_1_11' title="bbox 101 1924 1189 2020; baseline -0.001 -28"><span class='ocrx_word' id='word_1_81' title='bbox 101 1926 153 1994; x_wconf 90' lang='lat' dir='ltr'><strong>los</strong></span> <span class='ocrx_word' id='word_1_82' title='bbox 180 1929 293 2020; x_wconf 89' lang='lat' dir='ltr'><strong>posuit</strong></span> <span class='ocrx_word' id='word_1_83' title='bbox 317 1926 383 2011; x_wconf 78' lang='lat'><strong>**),</strong></span> <span class='ocrx_word' id='word_1_84' title='bbox 418 1945 454 1992; x_wconf 92' lang='lat' dir='ltr'><strong>ut</strong></span> <span class='ocrx_word' id='word_1_85' title='bbox 478 1951 521 1993; x_wconf 90' lang='lat' dir='ltr'><strong>ne</strong></span> <span class='ocrx_word' id='word_1_86' title='bbox 549 1926 593 1993; x_wconf 88' lang='lat' dir='ltr'><strong>de</strong></span> <span class='ocrx_word' id='word_1_87' title='bbox 619 1930 657 1993; x_wconf 86' lang='lat' dir='ltr'><strong>L.</strong></span> <span class='ocrx_word' id='word_1_88' title='bbox 685 1926 836 2018; x_wconf 86' lang='lat' dir='ltr'><strong>Cornelii</strong></span> <span class='ocrx_word' id='word_1_89' title='bbox 863 1927 1021 1994; x_wconf 86' lang='lat' dir='ltr'><strong>Sisennae</strong></span> <span class='ocrx_word' id='word_1_90' title='bbox 1050 1924 1189 2018; x_wconf 88' lang='lat' dir='ltr'><strong>quidem</strong></span> 
     </span>
    </p>
   </div>
   <div class='ocr_carea' id='block_1_3' title="bbox 101 2039 1189 2135">
    <p class='ocr_par' dir='ltr' id='par_1_3' title="bbox 101 2039 1189 2135">
     <span class='ocr_line' id='line_1_12' title="bbox 101 2039 1189 2135; baseline 0 -28"><span class='ocrx_word' id='word_1_91' title='bbox 101 2043 137 2108; x_wconf 93' lang='lat' dir='ltr'><strong>in</strong></span> <span class='ocrx_word' id='word_1_92' title='bbox 161 2041 314 2108; x_wconf 86' lang='lat' dir='ltr'><strong>Plautum</strong></span> <span class='ocrx_word' id='word_1_93' title='bbox 341 2043 585 2110; x_wconf 85' lang='lat' dir='ltr'><strong>commentariis</strong></span> <span class='ocrx_word' id='word_1_94' title='bbox 607 2043 787 2135; x_wconf 90' lang='lat' dir='ltr'><strong>quicquam</strong></span> <span class='ocrx_word' id='word_1_95' title='bbox 805 2041 1018 2108; x_wconf 88' lang='lat' dir='ltr'><strong>dubitationis</strong></span> <span class='ocrx_word' id='word_1_96' title='bbox 1035 2039 1189 2108; x_wconf 87' lang='lat' dir='ltr'><strong>relietum</strong></span> 
     </span>
    </p>
   </div>
   <div class='ocr_carea' id='block_1_4' title="bbox 101 2154 1193 3984">
    <p class='ocr_par' dir='ltr' id='par_1_4' title="bbox 101 2154 1193 3984">
     <span class='ocr_line' id='line_1_13' title="bbox 102 2154 1189 2224; baseline -0.002 -1"><span class='ocrx_word' id='word_1_97' title='bbox 102 2180 174 2223; x_wconf 87' lang='lat' dir='ltr'><strong>esse</strong></span> <span class='ocrx_word' id='word_1_98' title='bbox 200 2154 371 2223; x_wconf 73' lang='lat' dir='ltr'><strong>videatne·</strong></span> <span class='ocrx_word' id='word_1_99' title='bbox 404 2156 474 2223; x_wconf 87' lang='lat' dir='ltr'><strong>Sed</strong></span> <span class='ocrx_word' id='word_1_100' title='bbox 501 2159 605 2224; x_wconf 89' lang='lat' dir='ltr'><strong>ceteri</strong></span> <span class='ocrx_word' id='word_1_101' title='bbox 629 2159 690 2223; x_wconf 89' lang='lat' dir='ltr'><strong>etsi</strong></span> <span class='ocrx_word' id='word_1_102' title='bbox 716 2156 1046 2224; x_wconf 89' lang='lat' dir='ltr'><strong>similemSiscnnae</strong></span> <span class='ocrx_word' id='word_1_103' title='bbox 1068 2157 1189 2222; x_wconf 87' lang='lat' dir='ltr'><strong>insin·</strong></span> 
     </span>
     <span class='ocr_line' id='line_1_14' title="bbox 101 2271 1189 2365; baseline -0.001 -27"><span class='ocrx_word' id='word_1_104' title='bbox 101 2271 185 2365; x_wconf 88' lang='lat' dir='ltr'><strong>gulis</strong></span> <span class='ocrx_word' id='word_1_105' title='bbox 210 2273 319 2339; x_wconf 85' lang='lat' dir='ltr'><strong>verbis</strong></span> <span class='ocrx_word' id='word_1_106' title='bbox 344 2272 504 2340; x_wconf 88' lang='lat' dir='ltr'><strong>rimandis</strong></span> <span class='ocrx_word' id='word_1_107' title='bbox 531 2295 669 2365; x_wconf 83' lang='lat' dir='ltr'><strong>operam</strong></span> <span class='ocrx_word' id='word_1_108' title='bbox 693 2289 888 2365; x_wconf 87' lang='lat' dir='ltr'><strong>posuerunt,</strong></span> <span class='ocrx_word' id='word_1_109' title='bbox 903 2290 1016 2339; x_wconf 87' lang='lat' dir='ltr'><strong>tamen</strong></span> <span class='ocrx_word' id='word_1_110' title='bbox 1034 2273 1093 2365; x_wconf 91' lang='lat' dir='ltr'><strong>qui</strong></span> <span class='ocrx_word' id='word_1_111' title='bbox 1109 2296 1189 2339; x_wconf 90' lang='lat' dir='ltr'><strong>con-</strong></span> 
     </span>
     <span class='ocr_line' id='line_1_15' title="bbox 101 2387 1191 2480; baseline -0.001 -27"><span class='ocrx_word' id='word_1_112' title='bbox 101 2390 190 2454; x_wconf 90' lang='lat' dir='ltr'><strong>tinua</strong></span> <span class='ocrx_word' id='word_1_113' title='bbox 224 2390 435 2457; x_wconf 85' lang='lat' dir='ltr'><strong>annotatione</strong></span> <span class='ocrx_word' id='word_1_114' title='bbox 469 2388 574 2476; x_wconf 81' lang='lat' dir='ltr'><strong>aliena</strong></span> <span class='ocrx_word' id='word_1_115' title='bbox 609 2391 732 2480; x_wconf 86' lang='lat' dir='ltr'><strong>scripta</strong></span> <span class='ocrx_word' id='word_1_116' title='bbox 765 2387 955 2466; x_wconf 85' lang='lat' dir='ltr'><strong>illustrarit,</strong></span> <span class='ocrx_word' id='word_1_117' title='bbox 988 2391 1024 2453; x_wconf 94' lang='lat' dir='ltr'><strong>L.</strong></span> <span class='ocrx_word' id='word_1_118' title='bbox 1051 2388 1191 2455; x_wconf 84' lang='lat' dir='ltr'><strong>Sisenna</strong></span> 
     </span>
     <span class='ocr_line' id='line_1_16' title="bbox 101 2503 1189 2595; baseline 0 -28"><span class='ocrx_word' id='word_1_119' title='bbox 101 2504 253 2594; x_wconf 86' lang='lat' dir='ltr'><strong>priorem</strong></span> <span class='ocrx_word' id='word_1_120' title='bbox 283 2506 370 2570; x_wconf 87' lang='lat' dir='ltr'><strong>inter</strong></span> <span class='ocrx_word' id='word_1_121' title='bbox 394 2506 559 2571; x_wconf 89' lang='lat' dir='ltr'><strong>Romanos</strong></span> <span class='ocrx_word' id='word_1_122' title='bbox 593 2503 661 2571; x_wconf 88' lang='lat' dir='ltr'><strong>scio</strong></span> <span class='ocrx_word' id='word_1_123' title='bbox 688 2505 868 2573; x_wconf 83' lang='lat' dir='ltr'><strong>neminem.</strong></span> <span class='ocrx_word' id='word_1_124' title='bbox 914 2505 967 2569; x_wconf 92' lang='lat' dir='ltr'><strong>De</strong></span> <span class='ocrx_word' id='word_1_125' title='bbox 992 2504 1031 2568; x_wconf 90' lang='lat' dir='ltr'><strong>iis</strong></span> <span class='ocrx_word' id='word_1_126' title='bbox 1057 2503 1189 2595; x_wconf 86' lang='lat' dir='ltr'><strong>scriptis</strong></span> 
     </span>
     <span class='ocr_line' id='line_1_17' title="bbox 102 2616 1191 2713; baseline -0.001 -29"><span class='ocrx_word' id='word_1_127' title='bbox 102 2618 234 2713; x_wconf 88' lang='lat' dir='ltr'><strong>loquor,</strong></span> <span class='ocrx_word' id='word_1_128' title='bbox 262 2645 348 2713; x_wconf 83' lang='lat' dir='ltr'><strong>quae</strong></span> <span class='ocrx_word' id='word_1_129' title='bbox 373 2620 451 2684; x_wconf 83' lang='lat' dir='ltr'><strong>artis</strong></span> <span class='ocrx_word' id='word_1_130' title='bbox 475 2636 561 2697; x_wconf 88' lang='lat' dir='ltr'><strong>suut,</strong></span> <span class='ocrx_word' id='word_1_131' title='bbox 585 2642 654 2684; x_wconf 91' lang='lat' dir='ltr'><strong>non</strong></span> <span class='ocrx_word' id='word_1_132' title='bbox 679 2620 848 2698; x_wconf 83' lang='lat' dir='ltr'><strong>scientiae,</strong></span> <span class='ocrx_word' id='word_1_133' title='bbox 871 2643 934 2685; x_wconf 89' lang='lat' dir='ltr'><strong>uec</strong></span> <span class='ocrx_word' id='word_1_134' title='bbox 951 2616 993 2684; x_wconf 87' lang='lat' dir='ltr'><strong>ad</strong></span> <span class='ocrx_word' id='word_1_135' title='bbox 1010 2619 1095 2684; x_wconf 79' lang='lat' dir='ltr'><strong>vitae</strong></span> <span class='ocrx_word' id='word_1_136' title='bbox 1115 2643 1191 2684; x_wconf 85' lang='lat' dir='ltr'><strong>usus</strong></span> 
     </span>
     <span class='ocr_line' id='line_1_18' title="bbox 102 2732 1191 2826; baseline -0.002 -26"><span class='ocrx_word' id='word_1_137' title='bbox 102 2736 205 2825; x_wconf 88' lang='lat' dir='ltr'><strong>magis</strong></span> <span class='ocrx_word' id='word_1_138' title='bbox 232 2760 330 2826; x_wconf 85' lang='lat' dir='ltr'><strong>quam</strong></span> <span class='ocrx_word' id='word_1_139' title='bbox 354 2733 397 2799; x_wconf 87' lang='lat' dir='ltr'><strong>ad</strong></span> <span class='ocrx_word' id='word_1_140' title='bbox 422 2732 613 2801; x_wconf 87' lang='lat' dir='ltr'><strong>liberalium</strong></span> <span class='ocrx_word' id='word_1_141' title='bbox 639 2734 812 2800; x_wconf 87' lang='lat' dir='ltr'><strong>hominnm</strong></span> <span class='ocrx_word' id='word_1_142' title='bbox 830 2732 1084 2800; x_wconf 86' lang='lat' dir='ltr'><strong>oblectationem</strong></span> <span class='ocrx_word' id='word_1_143' title='bbox 1110 2757 1191 2824; x_wconf 88' lang='lat' dir='ltr'><strong>spe-</strong></span> 
     </span>
     <span class='ocr_line' id='line_1_19' title="bbox 104 2846 1191 2940; baseline -0.003 -25"><span class='ocrx_word' id='word_1_144' title='bbox 104 2867 200 2916; x_wconf 90' lang='lat' dir='ltr'><strong>ctant.</strong></span> <span class='ocrx_word' id='word_1_145' title='bbox 248 2853 333 2916; x_wconf 89' lang='lat' dir='ltr'><strong>Nam</strong></span> <span class='ocrx_word' id='word_1_146' title='bbox 371 2849 414 2916; x_wconf 89' lang='lat' dir='ltr'><strong>dc</strong></span> <span class='ocrx_word' id='word_1_147' title='bbox 451 2851 516 2914; x_wconf 89' lang='lat' dir='ltr'><strong>XII</strong></span> <span class='ocrx_word' id='word_1_148' title='bbox 543 2847 747 2915; x_wconf 87' lang='lat' dir='ltr'><strong>Tabularum</strong></span> <span class='ocrx_word' id='word_1_149' title='bbox 783 2847 1015 2940; x_wconf 84' lang='lat' dir='ltr'><strong>explanatione</strong></span> <span class='ocrx_word' id='word_1_150' title='bbox 1041 2848 1077 2913; x_wconf 88' lang='lat' dir='ltr'><strong>L.</strong></span> <span class='ocrx_word' id='word_1_151' title='bbox 1103 2846 1191 2913; x_wconf 86' lang='lat' dir='ltr'><strong>Aelii</strong></span> 
     </span>
     <span class='ocr_line' id='line_1_20' title="bbox 104 2960 1192 3059; baseline -0.002 -30"><span class='ocrx_word' id='word_1_152' title='bbox 104 2981 213 3057; x_wconf 88' lang='lat' dir='ltr'><strong>c&#39;oque</strong></span> <span class='ocrx_word' id='word_1_153' title='bbox 242 2967 338 3031; x_wconf 89' lang='lat' dir='ltr'><strong>etiam</strong></span> <span class='ocrx_word' id='word_1_154' title='bbox 364 2967 560 3059; x_wconf 84' lang='lat' dir='ltr'><strong>antiquioris</strong></span> <span class='ocrx_word' id='word_1_155' title='bbox 585 2969 621 3030; x_wconf 88' lang='lat' dir='ltr'><strong>L.</strong></span> <span class='ocrx_word' id='word_1_156' title='bbox 647 2964 757 3045; x_wconf 81' lang='lat' dir='ltr'><strong>Acilii,</strong></span> <span class='ocrx_word' id='word_1_157' title='bbox 790 2962 901 3058; x_wconf 87' lang='lat' dir='ltr'><strong>deque</strong></span> <span class='ocrx_word' id='word_1_158' title='bbox 927 2963 1074 3030; x_wconf 87' lang='lat' dir='ltr'><strong>eiusdem</strong></span> <span class='ocrx_word' id='word_1_159' title='bbox 1104 2960 1192 3030; x_wconf 82' lang='lat' dir='ltr'><strong>Aelii</strong></span> 
     </span>
     <span class='ocr_line' id='line_1_21' title="bbox 103 3080 1191 3148; baseline 0 -2"><span class='ocrx_word' id='word_1_160' title='bbox 103 3081 190 3148; x_wconf 92' lang='lat' dir='ltr'><strong>illius</strong></span> <span class='ocrx_word' id='word_1_161' title='bbox 221 3085 255 3147; x_wconf 88' lang='lat' dir='ltr'><strong>in</strong></span> <span class='ocrx_word' id='word_1_162' title='bbox 292 3082 429 3148; x_wconf 87' lang='lat' dir='ltr'><strong>Saliaria</strong></span> <span class='ocrx_word' id='word_1_163' title='bbox 465 3084 609 3148; x_wconf 88' lang='lat' dir='ltr'><strong>carmina</strong></span> <span class='ocrx_word' id='word_1_164' title='bbox 647 3081 890 3148; x_wconf 90' lang='lat' dir='ltr'><strong>commentariis</strong></span> <span class='ocrx_word' id='word_1_165' title='bbox 916 3106 983 3148; x_wconf 79' lang='lat' dir='ltr'><strong>riou</strong></span> <span class='ocrx_word' id='word_1_166' title='bbox 1007 3080 1088 3146; x_wconf 88' lang='lat' dir='ltr'><strong>licet</strong></span> <span class='ocrx_word' id='word_1_167' title='bbox 1112 3105 1191 3147; x_wconf 90' lang='lat' dir='ltr'><strong>saue</strong></span> 
     </span>
     <span class='ocr_line' id='line_1_22' title="bbox 104 3194 1192 3289; baseline -0.004 -25"><span class='ocrx_word' id='word_1_168' title='bbox 104 3198 268 3265; x_wconf 87' lang='lat' dir='ltr'><strong>dubitare.</strong></span> <span class='ocrx_word' id='word_1_169' title='bbox 320 3199 494 3265; x_wconf 87' lang='lat' dir='ltr'><strong>Sisennam</strong></span> <span class='ocrx_word' id='word_1_170' title='bbox 520 3216 626 3263; x_wconf 89' lang='lat' dir='ltr'><strong>autem</strong></span> <span class='ocrx_word' id='word_1_171' title='bbox 652 3195 688 3262; x_wconf 92' lang='lat' dir='ltr'><strong>id</strong></span> <span class='ocrx_word' id='word_1_172' title='bbox 711 3198 915 3289; x_wconf 85' lang='lat' dir='ltr'><strong>praestitisse</strong></span> <span class='ocrx_word' id='word_1_173' title='bbox 946 3199 1071 3287; x_wconf 89' lang='lat' dir='ltr'><strong>scripto</strong></span> <span class='ocrx_word' id='word_1_174' title='bbox 1097 3194 1192 3261; x_wconf 88' lang='lat' dir='ltr'><strong>vide-</strong></span> 
     </span>
     <span class='ocr_line' id='line_1_23' title="bbox 104 3311 1193 3408; baseline -0.005 -27"><span class='ocrx_word' id='word_1_175' title='bbox 104 3341 186 3396; x_wconf 87' lang='lat' dir='ltr'><strong>mus,</strong></span> <span class='ocrx_word' id='word_1_176' title='bbox 214 3314 305 3408; x_wconf 92' lang='lat' dir='ltr'><strong>quod</strong></span> <span class='ocrx_word' id='word_1_177' title='bbox 328 3332 403 3380; x_wconf 90' lang='lat' dir='ltr'><strong>ante</strong></span> <span class='ocrx_word' id='word_1_178' title='bbox 429 3338 504 3380; x_wconf 90' lang='lat' dir='ltr'><strong>eum</strong></span> <span class='ocrx_word' id='word_1_179' title='bbox 531 3337 590 3379; x_wconf 86' lang='lat' dir='ltr'><strong>ore</strong></span> <span class='ocrx_word' id='word_1_180' title='bbox 611 3312 759 3380; x_wconf 81' lang='lat' dir='ltr'><strong>fecerant</strong></span> <span class='ocrx_word' id='word_1_181' title='bbox 777 3312 996 3406; x_wconf 84' lang='lat' dir='ltr'><strong>grammatici:</strong></span> <span class='ocrx_word' id='word_1_182' title='bbox 1020 3311 1193 3404; x_wconf 60' lang='lat' dir='ltr'><strong>quosqui⁶</strong></span> 
     </span>
     <span class='ocr_line' id='line_1_24' title="bbox 104 3427 1193 3522; baseline -0.006 -25"><span class='ocrx_word' id='word_1_183' title='bbox 104 3429 181 3497; x_wconf 87' lang='lat' dir='ltr'><strong>dem</strong></span> <span class='ocrx_word' id='word_1_184' title='bbox 206 3434 363 3496; x_wconf 69' lang='lat' dir='ltr'><strong>cocuzina</strong></span> <span class='ocrx_word' id='word_1_185' title='bbox 384 3454 510 3522; x_wconf 83' lang='lat' dir='ltr'><strong>porum·</strong></span> <span class='ocrx_word' id='word_1_186' title='bbox 529 3428 640 3495; x_wconf 77' lang='lat' dir='ltr'><strong>adhuc</strong></span> <span class='ocrx_word' id='word_1_187' title='bbox 666 3428 845 3519; x_wconf 77' lang='lat' dir='ltr'><strong>divulgata</strong></span> <span class='ocrx_word' id='word_1_188' title='bbox 861 3427 1062 3519; x_wconf 82' lang='lat' dir='ltr'><strong>diligentius</strong></span> <span class='ocrx_word' id='word_1_189' title='bbox 1080 3444 1193 3493; x_wconf 84' lang='lat' dir='ltr'><strong>retra·</strong></span> 
     </span>
     <span class='ocr_line' id='line_1_25' title="bbox 104 3539 1192 3639; baseline -0.003 -28"><span class='ocrx_word' id='word_1_190' title='bbox 104 3562 213 3611; x_wconf 86' lang='lat' dir='ltr'><strong>ctasse</strong></span> <span class='ocrx_word' id='word_1_191' title='bbox 239 3562 341 3639; x_wconf 83' lang='lat' dir='ltr'><strong>atqrte</strong></span> <span class='ocrx_word' id='word_1_192' title='bbox 368 3548 405 3609; x_wconf 87' lang='lat' dir='ltr'><strong>in</strong></span> <span class='ocrx_word' id='word_1_193' title='bbox 427 3568 557 3634; x_wconf 80' lang='lat' dir='ltr'><strong>magna</strong></span> <span class='ocrx_word' id='word_1_194' title='bbox 581 3542 787 3611; x_wconf 88' lang='lat' dir='ltr'><strong>audientium</strong></span> <span class='ocrx_word' id='word_1_195' title='bbox 810 3548 1020 3636; x_wconf 81' lang='lat' dir='ltr'><strong>frequentia</strong></span> <span class='ocrx_word' id='word_1_196' title='bbox 1044 3539 1192 3635; x_wconf 80' lang='lat' dir='ltr'><strong>legendo</strong></span> 
     </span>
     <span class='ocr_line' id='line_1_26' title="bbox 104 3658 1192 3754; baseline -0.005 -27"><span class='ocrx_word' id='word_1_197' title='bbox 104 3658 400 3752; x_wconf 81' lang='lat' dir='ltr'><strong>(pronuntiando)</strong></span> <span class='ocrx_word' id='word_1_198' title='bbox 420 3658 748 3754; x_wconf 82' lang='lat' dir='ltr'><strong>commentandoque</strong></span> <span class='ocrx_word' id='word_1_199' title='bbox 766 3665 870 3726; x_wconf 84' lang='lat' dir='ltr'><strong>etiam</strong></span> <span class='ocrx_word' id='word_1_200' title='bbox 883 3665 1005 3726; x_wconf 80' lang='lat' dir='ltr'><strong>ceteris</strong></span> <span class='ocrx_word' id='word_1_201' title='bbox 1026 3675 1111 3724; x_wconf 71' lang='lat' dir='ltr'><strong>stota</strong></span> <span class='ocrx_word' id='word_1_202' title='bbox 1125 3660 1192 3745; x_wconf 85' lang='lat' dir='ltr'><strong>fe·</strong></span> 
     </span>
     <span class='ocr_line' id='line_1_27' title="bbox 106 3774 1193 3869; baseline -0.005 -27"><span class='ocrx_word' id='word_1_203' title='bbox 106 3779 189 3842; x_wconf 84' lang='lat' dir='ltr'><strong>cisse</strong></span> <span class='ocrx_word' id='word_1_204' title='bbox 212 3778 389 3844; x_wconf 88' lang='lat' dir='ltr'><strong>Suetonius</strong></span> <span class='ocrx_word' id='word_1_205' title='bbox 416 3774 458 3842; x_wconf 93' lang='lat' dir='ltr'><strong>de</strong></span> <span class='ocrx_word' id='word_1_206' title='bbox 484 3774 602 3846; x_wconf 88' lang='lat' dir='ltr'><strong>illustr.</strong></span> <span class='ocrx_word' id='word_1_207' title='bbox 626 3801 762 3869; x_wconf 85' lang='lat' dir='ltr'><strong>gramm.</strong></span> <span class='ocrx_word' id='word_1_208' title='bbox 791 3803 818 3843; x_wconf 90' lang='lat' dir='ltr'><strong>c.</strong></span> <span class='ocrx_word' id='word_1_209' title='bbox 844 3778 867 3843; x_wconf 74' lang='lat'><strong>2</strong></span> <span class='ocrx_word' id='word_1_210' title='bbox 893 3792 1049 3853; x_wconf 86' lang='lat' dir='ltr'><strong>testatur,</strong></span> <span class='ocrx_word' id='word_1_211' title='bbox 1077 3797 1193 3838; x_wconf 86' lang='lat' dir='ltr'><strong>exem·</strong></span> 
     </span>
     <span class='ocr_line' id='line_1_28' title="bbox 105 3885 1193 3984; baseline -0.005 -27"><span class='ocrx_word' id='word_1_212' title='bbox 105 3890 171 3984; x_wconf 92' lang='lat' dir='ltr'><strong>plis</strong></span> <span class='ocrx_word' id='word_1_213' title='bbox 193 3918 270 3958; x_wconf 88' lang='lat' dir='ltr'><strong>usus</strong></span> <span class='ocrx_word' id='word_1_214' title='bbox 294 3895 332 3960; x_wconf 89' lang='lat' dir='ltr'><strong>C.</strong></span> <span class='ocrx_word' id='word_1_215' title='bbox 359 3893 488 3960; x_wconf 87' lang='lat' dir='ltr'><strong>Octavii</strong></span> <span class='ocrx_word' id='word_1_216' title='bbox 512 3892 760 3984; x_wconf 87' lang='lat' dir='ltr'><strong>Lampadionis,</strong></span> <span class='ocrx_word' id='word_1_217' title='bbox 787 3894 828 3975; x_wconf 87' lang='lat' dir='ltr'><strong>Q.</strong></span> <span class='ocrx_word' id='word_1_218' title='bbox 853 3889 1060 3982; x_wconf 84' lang='lat' dir='ltr'><strong>Vargunteii,</strong></span> <span class='ocrx_word' id='word_1_219' title='bbox 1086 3885 1193 3953; x_wconf 90' lang='lat' dir='ltr'><strong>Laelii</strong></span> 
     </span>
    </p>
   </div>
   <div class='ocr_carea' id='block_1_5' title="bbox 156 4169 1196 4678">
    <p class='ocr_par' dir='ltr' id='par_1_5' title="bbox 156 4169 1196 4678">
     <span class='ocr_line' id='line_1_29' title="bbox 156 4169 1192 4244; baseline -0.002 -21"><span class='ocrx_word' id='word_1_220' title='bbox 156 4175 181 4244; x_wconf 72' lang='lat'><strong>⁹)</strong></span> <span class='ocrx_word' id='word_1_221' title='bbox 211 4171 301 4239; x_wconf 76' lang='lat' dir='ltr'><strong>Neque</strong></span> <span class='ocrx_word' id='word_1_222' title='bbox 324 4173 391 4221; x_wconf 83' lang='lat' dir='ltr'><strong>enim</strong></span> <span class='ocrx_word' id='word_1_223' title='bbox 410 4171 489 4239; x_wconf 81' lang='lat' dir='ltr'><strong>digna</strong></span> <span class='ocrx_word' id='word_1_224' title='bbox 508 4172 581 4235; x_wconf 79' lang='lat' dir='ltr'><strong>visa,</strong></span> <span class='ocrx_word' id='word_1_225' title='bbox 609 4184 676 4238; x_wconf 79' lang='lat' dir='ltr'><strong>quae</strong></span> <span class='ocrx_word' id='word_1_226' title='bbox 701 4184 778 4237; x_wconf 84' lang='lat' dir='ltr'><strong>supra</strong></span> <span class='ocrx_word' id='word_1_227' title='bbox 797 4183 1070 4233; x_wconf 82' lang='lat' dir='ltr'><strong>commemoraremus,</strong></span> <span class='ocrx_word' id='word_1_228' title='bbox 1100 4169 1192 4221; x_wconf 73' lang='lat' dir='ltr'><strong>Sisen-</strong></span> 
     </span>
     <span class='ocr_line' id='line_1_30' title="bbox 209 4256 1193 4325; baseline -0.001 -14"><span class='ocrx_word' id='word_1_229' title='bbox 209 4262 292 4311; x_wconf 82' lang='lat' dir='ltr'><strong>m&#39;mm</strong></span> <span class='ocrx_word' id='word_1_230' title='bbox 309 4259 358 4309; x_wconf 90' lang='lat' dir='ltr'><strong>hoc</strong></span> <span class='ocrx_word' id='word_1_231' title='bbox 376 4261 432 4325; x_wconf 80' lang='lat' dir='ltr'><strong>ipso</strong></span> <span class='ocrx_word' id='word_1_232' title='bbox 451 4273 519 4310; x_wconf 87' lang='lat' dir='ltr'><strong>anno</strong></span> <span class='ocrx_word' id='word_1_233' title='bbox 536 4258 647 4310; x_wconf 81' lang='lat' dir='ltr'><strong>Thoruui</strong></span> <span class='ocrx_word' id='word_1_234' title='bbox 668 4258 752 4319; x_wconf 85' lang='lat' dir='ltr'><strong>editu,</strong></span> <span class='ocrx_word' id='word_1_235' title='bbox 771 4272 785 4307; x_wconf 88' lang='lat' dir='ltr'><strong>e</strong></span> <span class='ocrx_word' id='word_1_236' title='bbox 807 4257 899 4324; x_wconf 87' lang='lat' dir='ltr'><strong>quibus</strong></span> <span class='ocrx_word' id='word_1_237' title='bbox 918 4256 980 4308; x_wconf 78' lang='lat' dir='ltr'><strong>uiuit</strong></span> <span class='ocrx_word' id='word_1_238' title='bbox 1001 4256 1115 4320; x_wconf 81' lang='lat' dir='ltr'><strong>discitur,</strong></span> <span class='ocrx_word' id='word_1_239' title='bbox 1144 4258 1193 4310; x_wconf 85' lang='lat' dir='ltr'><strong>nisi</strong></span> 
     </span>
     <span class='ocr_line' id='line_1_31' title="bbox 209 4344 1196 4414; baseline 0 -17"><span class='ocrx_word' id='word_1_240' title='bbox 209 4347 270 4414; x_wconf 85' lang='lat' dir='ltr'><strong>quid</strong></span> <span class='ocrx_word' id='word_1_241' title='bbox 290 4364 340 4404; x_wconf 85' lang='lat' dir='ltr'><strong>nen</strong></span> <span class='ocrx_word' id='word_1_242' title='bbox 359 4346 485 4409; x_wconf 87' lang='lat' dir='ltr'><strong>didicerit,</strong></span> <span class='ocrx_word' id='word_1_243' title='bbox 508 4347 552 4413; x_wconf 82' lang='lat' dir='ltr'><strong>qui</strong></span> <span class='ocrx_word' id='word_1_244' title='bbox 572 4362 595 4397; x_wconf 88' lang='lat' dir='ltr'><strong>e.</strong></span> <span class='ocrx_word' id='word_1_245' title='bbox 621 4362 642 4396; x_wconf 92' lang='lat' dir='ltr'><strong>c.</strong></span> <span class='ocrx_word' id='word_1_246' title='bbox 662 4344 723 4396; x_wconf 82' lang='lat' dir='ltr'><strong>talia</strong></span> <span class='ocrx_word' id='word_1_247' title='bbox 742 4345 856 4395; x_wconf 82' lang='lat' dir='ltr'><strong>scribere</strong></span> <span class='ocrx_word' id='word_1_248' title='bbox 877 4359 927 4394; x_wconf 90' lang='lat' dir='ltr'><strong>uon</strong></span> <span class='ocrx_word' id='word_1_249' title='bbox 950 4346 1097 4396; x_wconf 85' lang='lat' dir='ltr'><strong>erubuerit:</strong></span> <span class='ocrx_word' id='word_1_250' title='bbox 1120 4346 1196 4398; x_wconf 81' lang='lat' dir='ltr'><strong>Sulla</strong></span> 
     </span>
     <span class='ocr_line' id='line_1_32' title="bbox 210 4433 1193 4502; baseline 0.002 -18"><span class='ocrx_word' id='word_1_251' title='bbox 210 4435 294 4485; x_wconf 79' lang='lat' dir='ltr'><strong>adlruc</strong></span> <span class='ocrx_word' id='word_1_252' title='bbox 311 4437 417 4498; x_wconf 77' lang='lat' dir='ltr'><strong>siccate,</strong></span> <span class='ocrx_word' id='word_1_253' title='bbox 437 4451 484 4502; x_wconf 78' lang='lat' dir='ltr'><strong>quo</strong></span> <span class='ocrx_word' id='word_1_254' title='bbox 505 4443 615 4502; x_wconf 81' lang='lat' dir='ltr'><strong>tempore</strong></span> <span class='ocrx_word' id='word_1_255' title='bbox 633 4443 711 4485; x_wconf 75' lang='lat' dir='ltr'><strong>tractus</strong></span> <span class='ocrx_word' id='word_1_256' title='bbox 732 4442 792 4483; x_wconf 83' lang='lat' dir='ltr'><strong>unte</strong></span> <span class='ocrx_word' id='word_1_257' title='bbox 811 4433 939 4484; x_wconf 73' lang='lat' dir='ltr'><strong>demissum</strong></span> <span class='ocrx_word' id='word_1_258' title='bbox 956 4442 979 4484; x_wconf 88' lang='lat' dir='ltr'><strong>ct</strong></span> <span class='ocrx_word' id='word_1_259' title='bbox 994 4433 1119 4485; x_wconf 76' lang='lat' dir='ltr'><strong>adulandi</strong></span> <span class='ocrx_word' id='word_1_260' title='bbox 1138 4443 1193 4486; x_wconf 77' lang='lat' dir='ltr'><strong>ste·</strong></span> 
     </span>
     <span class='ocr_line' id='line_1_33' title="bbox 209 4517 1196 4591; baseline 0.003 -21"><span class='ocrx_word' id='word_1_261' title='bbox 209 4521 277 4570; x_wconf 72' lang='lat' dir='ltr'><strong>dirim</strong></span> <span class='ocrx_word' id='word_1_262' title='bbox 303 4520 452 4572; x_wconf 66' lang='lat' dir='ltr'><strong>toroneam</strong></span> <span class='ocrx_word' id='word_1_263' title='bbox 475 4523 607 4571; x_wconf 69' lang='lat' dir='ltr'><strong>seruatam</strong></span> <span class='ocrx_word' id='word_1_264' title='bbox 633 4524 767 4588; x_wconf 64' lang='lat' dir='ltr'><strong>frangeret</strong></span> <span class='ocrx_word' id='word_1_265' title='bbox 794 4537 827 4570; x_wconf 83' lang='lat' dir='ltr'><strong>ac</strong></span> <span class='ocrx_word' id='word_1_266' title='bbox 855 4517 999 4571; x_wconf 75' lang='lat' dir='ltr'><strong>debilitaret</strong></span> <span class='ocrx_word' id='word_1_267' title='bbox 1026 4527 1064 4590; x_wconf 83' lang='lat' dir='ltr'><strong>(p.</strong></span> <span class='ocrx_word' id='word_1_268' title='bbox 1085 4521 1141 4591; x_wconf 75' lang='lat'><strong>26).</strong></span> <span class='ocrx_word' id='word_1_269' title='bbox 1162 4553 1196 4566; x_wconf 88' lang='lat'>-</span> 
     </span>
     <span class='ocr_line' id='line_1_34' title="bbox 212 4606 871 4678; baseline -0.002 -18"><span class='ocrx_word' id='word_1_270' title='bbox 212 4606 296 4678; x_wconf 74' lang='lat' dir='ltr'><strong>(adde</strong></span> <span class='ocrx_word' id='word_1_271' title='bbox 321 4607 417 4672; x_wconf 75' lang='lat' dir='ltr'><strong>lleyeri</strong></span> <span class='ocrx_word' id='word_1_272' title='bbox 435 4607 535 4675; x_wconf 79' lang='lat' dir='ltr'><strong>Fragor.</strong></span> <span class='ocrx_word' id='word_1_273' title='bbox 557 4615 620 4660; x_wconf 80' lang='lat' dir='ltr'><strong>orat.</strong></span> <span class='ocrx_word' id='word_1_274' title='bbox 642 4623 668 4676; x_wconf 84' lang='lat' dir='ltr'><strong>p.</strong></span> <span class='ocrx_word' id='word_1_275' title='bbox 687 4608 747 4661; x_wconf 77' lang='lat'><strong>356.</strong></span> <span class='ocrx_word' id='word_1_276' title='bbox 767 4608 808 4664; x_wconf 87' lang='lat' dir='ltr'><strong>ed.</strong></span> <span class='ocrx_word' id='word_1_277' title='bbox 826 4607 871 4678; x_wconf 82' lang='lat' dir='ltr'><strong>ll.)</strong></span> 
     </span>
    </p>
   </div>
   <div class='ocr_carea' id='block_1_6' title="bbox 152 4709 409 4794">
    <p class='ocr_par' dir='ltr' id='par_1_6' title="bbox 152 4709 409 4794">
     <span class='ocr_line' id='line_1_35' title="bbox 152 4709 409 4794; baseline -0.027 -27"><span class='ocrx_word' id='word_1_278' title='bbox 152 4716 192 4780; x_wconf 76' lang='lat' dir='ltr'><strong>”J</strong></span> <span class='ocrx_word' id='word_1_279' title='bbox 214 4711 253 4768; x_wconf 78' lang='lat' dir='ltr'><strong>Cf.</strong></span> <span class='ocrx_word' id='word_1_280' title='bbox 273 4711 341 4794; x_wconf 65' lang='lat' dir='ltr'><strong>[lise.</strong></span> <span class='ocrx_word' id='word_1_281' title='bbox 364 4709 409 4766; x_wconf 89' lang='lat' dir='ltr'><strong>lll.</strong></span> 
     </span>
    </p>
   </div>
   <div class='ocr_carea' id='block_1_7' title="bbox 0 0 1423 5332">
    <p class='ocr_par' dir='ltr' id='par_1_7' title="bbox 0 0 1423 5332">
     <span class='ocr_line' id='line_1_36' title="bbox 0 0 1423 5332; baseline 0 0"><span class='ocrx_word' id='word_1_282' title='bbox 0 0 1423 5332; x_wconf 95' lang='lat' dir='ltr'><strong> </strong></span> 
     </span>
    </p>
   </div>
  </div>
 </body>
</html>
