2820 5332
238 650 313 720 588
564 671 614 717 «ι.
648 670 689 712 oe
716 668 848 713 centro
873 668 973 710 axrrv

238 838 427 932 intelligas,
467 864 530 904 nec
556 842 627 904 sine
653 837 841 931 gravissima
865 833 1140 930 prosodiamrum
1164 841 1335 906 metrica·
1394 880 1399 891 ·

236 981 379 1047 rumque
404 933 568 1020 rationum
594 953 669 1020 labe
691 956 824 1021 criticus
847 954 981 1019 effinxit.
1002 937 1072 1035 ¹Qui
1090 952 1185 1047 q'uotl
1203 979 1336 1020 unum·

238 1058 399 1162 quothue
425 1069 622 1136 vocabulum
649 1096 668 1136 a
694 1094 731 1136 se
753 1070 898 1161 positum
924 1069 1061 1134 affirmat
1087 1069 1243 1162 ipsorum
1274 1095 1336 1137 ex·

238 1184 357 1277 emplis
384 1185 587 1253 comicorum
613 1183 750 1251 defendi
775 1207 888 1276 posse:
916 1182 1078 1276 pervelim
1104 1209 1182 1252 sane
1209 1209 1337 1253 exem-

197 1362 200 1367 ,
238 1299 295 1392 pla
320 1318 453 1394 promat
478 1319 654 1391 correptae
679 1299 813 1367 ultimae
843 1297 992 1391 syllabae
1024 1299 1194 1392 applicate
1224 1303 1334 1381 vocis,

241 1414 294 1481 vel
318 1419 445 1509 primae
469 1419 636 1507 reperisse
651 1414 828 1508 ·perlecti‚
863 1411 915 1480 vel
941 1431 1005 1479 tam
1033 1400 1168 1482 dissecli
1194 1433 1229 1496 et
1253 1440 1335 1483 cae-

240 1557 317 1597 sura
343 1532 485 1599 carentis
507 1549 540 1596 et
559 1533 681 1597 misere
704 1532 856 1596 exeuntis
877 1554 1004 1610 versus,
1031 1528 1137 1623 qualis
1157 1529 1243 1598 alter
1263 1549 1333 1602 est:

182 1664 195 1706 .’
243 1665 279 1713 ut
303 1645 386 1712 nihil
420 1670 510 1711 nune
543 1644 650 1712 dicam
684 1644 728 1711 de
761 1645 921 1711 sententia
956 1661 988 1711 et
1020 1638 1157 1712 dicendi
1191 1670 1333 1738 genere.

240 1763 294 1826 An
321 1760 406 1826 sorte
441 1760 560 1826 Botlrio
594 1776 690 1852 putas
723 1757 944 1848 meliustrem
965 1757 1142 1826 cessisse?
1198 1761 1333 1854 Accipe

240 1876 361 1969 igitur,⁴
394 1879 421 1942 is
450 1901 515 1969 qua
549 1874 710 1942 modestia
743 1858 851 1968 quoie
873 1873 986 1968 pulcri
1011 1893 1044 1940 et
1068 1875 1138 1939 veri
1159 1899 1262 1942 sensu
1291 1879 1328 1943 in

240 1991 341 2056 verba
361 1989 525 2058 librorum
550 1989 617 2056 fide
643 1988 777 2082 prodita
802 2006 963 2082 grassatus
989 1989 1053 2055 sit:
1115 2025 1117 2029 ·
1381 1970 1387 1981 ’

254 2105 347 2192 (011.)
370 2108 404 2174 T
399 2131 454 2171 am
479 2100 627 2198 gaudeo,
652 2105 744 2198 qarod
769 2105 851 2171 milei
874 2101 1085 2170 commodum
1109 2120 1174 2183 est,
1212 2128 1333 2194 queam,

834 2214 931 2296 illud,
953 2219 1045 2314 quod
1068 2243 1092 2285 a
1111 2220 1171 2286 ted
1191 2203 1335 2312 expeto,

366 2333 428 2406 Me
454 2331 628 2430 reperisse.
664 2340 697 2407 V
697 2354 710 2403 t
737 2336 856 2402 ‹iridus
882 2336 1030 2403 antehae
1046 2331 1126 2422 fuit
1150 2353 1228 2401 tuae
1244 2343 1330 2402 ani-

837 2476 922 2534 mus,
947 2447 1077 2545 qunque
1103 2475 1155 2516 me

325 2611 326 2614 =
369 2566 428 2635 Ad
451 2594 527 2633 eam
552 2568 736 2659 adplicari,
762 2562 911 2633 studium
935 2567 1060 2632 exirtde
1088 2572 1166 2633 item
1182 2560 1262 2632 erit.
1288 2567 1332 2633 P.

831 2685 884 2779 ¹Tu
912 2681 1163 2749 existimciveris

369 2798 418 2866 Id
443 2805 494 2865 ita
517 2795 611 2874 e'sse,
636 2817 671 2865 et
687 2805 817 2894 facere
840 2823 885 2864 ex
906 2794 958 2866 me
984 2798 1216 2866 coniectura'm
1239 2800 1332 2864 licet.
1385 2808 1389 2816 '

247 2915 373 2982 Mirare
400 2940 523 3007 quaeso
549 2917 583 2980 iu
611 2916 661 2982 his
687 2935 821 3008 praeter
846 2940 935 2982 raras
964 2913 1076 2983 hercle
1101 2915 1283 2983 sententias
1300 2934 1337 2981 et

249 3030 511 3097 constructiones
539 3048 728 3124 correptam
745 3030 893 3098 ultimam
920 3033 954 3097 in
974 3031 1119 3123 gaudeo,
1139 3016 1336 3097 'Plautinam

250 3143 391 3211 sormam
412 3143 479 3224 ted,
505 3164 700 3213 accentuum
716 3145 912 3240 elegantiam
932 3150 966 3212 in
984 3142 1079 3223 illud,
1105 3143 1232 3212 erirrde
1252 3152 1336 3211 item

254 3255 343 3340 erit,
368 3279 444 3353 apte
473 3280 674 3354 exaequatos
698 3288 773 3328 eum
798 3280 950 3354 versuum
973 3261 1116 3330 modulis
1144 3265 1337 3328 enuntiato-

194 3437 199 3450 ,
251 3402 324 3441 rum
357 3377 460 3452 lines,
500 3376 646 3469 denique
679 3397 853 3445 venustum
880 3379 915 3444 in
940 3365 1051 3443 media
1085 3378 1336 3446 “constructione

178 3499 180 3503 ’
251 3492 293 3555 ab
319 3493 497 3558 octonariis
520 3491 562 3556 ad
589 3495 736 3558 senarios
767 3496 948 3560 transitum.
989 3495 1210 3586 Experiamur
1234 3494 1338 3586 igitur

251 3607 340 3697 ipsi,
372 3608 399 3672 si
429 3604 511 3699 quid
539 3607 828 3675 comminiscamur
852 3608 964 3702 aliquo
991 3606 1093 3675 modo
1119 3606 1339 3676 commenda-

253 3722 364 3812 bilius.⁴
413 3724 463 3789 Ac
491 3721 558 3788 ‹luo
583 3722 725 3789 tenenda
752 3744 828 3791 sunt
852 3726 915 3802 ita,
942 3742 976 3789 ut
1002 3725 1043 3790 ab
1070 3725 1109 3789 iis
1136 3739 1294 3814 tanquam
1320 3746 1339 3786 a

253 3835 472 3904 fundamento
505 3839 729 3930 proficiscare.
795 3841 942 3905 Primum
968 3842 1056 3906 enim
1082 3855 1174 3905 extra
1202 3835 1340 3903 dubiu-

253 3954 378 4018 tionem
405 3954 548 4045 positum
572 3952 656 4019 illud
683 3972 747 4031 est,
786 3956 836 4048 agi
872 3955 953 4023 haec
980 3979 1097 4022 revera
1123 3955 1210 4018 inter
1236 3953 1341 4016 Pam-

254 4065 403 4160 philem,
436 4068 635 4148 Charinum,
669 4070 882 4136 Chremetem
908 4088 941 4137 et
964 4073 1112 4136 Davom:
1149 4068 1200 4160 agi
1226 4084 1340 4132 autem

253 4183 329 4261 hoc,
357 4201 392 4247 ut
417 4181 622 4274 aPatnphilo
641 4185 801 4252 Chremes
830 4204 996 4262 exoretur,
1021 4185 1080 4278 qui
1104 4181 1340 4248 Philumenam

256 4297 356 4365 filiam
384 4298 542 4376 Charino,
567 4301 619 4363 eui
647 4326 717 4365 earn
745 4304 836 4393 prius
863 4303 1033 4392 negaverit
1047 4350 1060 4396 ,Ι
1082 4323 1171 4364 nune
1198 4294 1340 4362 tandem

256 4412 474 4506 despondeat.
533 4414 664 4481 Deinde
695 4419 874 4510 unicuique
903 4434 1038 4508 praeter
1064 4414 1217 4482 Bothium
1244 4413 1339 4477 arbi-

255 4549 379 4596 tramur
402 4532 467 4596 hoe
492 4548 632 4620 patere,
658 4557 752 4598 versu
782 4536 825 4602 ll}
846 4554 965 4600 mutari
992 4555 1204 4598 numerorum
1230 4556 1340 4622 gmms

257 4648 319 4725 ita,
354 4665 389 4712 ut
416 4646 601 4713 trochaicus
626 4653 832 4742 septenarios
859 4653 1026 4743 excipiant
1051 4647 1180 4717 senarii.
1233 4646 1338 4732 Quod
