2820 5332
436 637 552 682 rutum
579 640 847 691 turenrseruvs.
1113 619 1184 690 359

103 828 285 897 cornoecliis
311 842 430 906 metra,
469 828 522 893 vel
545 853 586 893 ea
610 833 711 920 quasi
734 854 867 894 meana
892 830 1062 921 quaedam
1086 849 1121 897 et
1147 831 1214 897 oh¹

103 945 258 1017 omnihus
282 943 393 1010 doctis
417 960 565 1023 sentosa,
602 943 667 1011 sibi
690 946 773 1010 solis
794 970 867 1011 esse
894 951 1037 1036 cognita
1062 946 1190 1040 confir-

104 1087 216 1127 mare:
243 1085 385 1152 quercum
410 1076 447 1125 ot
475 1059 527 1123 vel
548 1063 737 1149 imperitiae
764 1061 816 1125 vel
831 1045 1064 1151 arrogantiae
1077 1068 1193 1141 vitium

104 1179 316 1267 effugiamus,
343 1175 491 1242 breviter
516 1174 560 1240 de
585 1174 859 1267 supradictorum
883 1180 1060 1262 (Terentii,
1075 1178 1193 1263 Plauti,

105 1295 214 1371 Ennii,
240 1293 332 1371 Attii,
358 1292 486 1369 Naevii,
511 1292 655 1371 Pacuvii,
690 1291 839 1385 Turpilii
862 1312 895 1359 et
921 1291 1090 1380 similium)
1127 1320 1196 1360 me-

103 1414 168 1499 tris
202 1431 421 1499 exponamus.
474 1408 557 1472 Item
589 1425 748 1474 contra
778 1427 940 1499 negantes
975 1427 1079 1476 metro
1121 1435 1196 1477 esse

104 1543 185 1617 puto
212 1523 322 1592 Servii
347 1522 450 1591 verbu
475 1522 599 1614 scriptu
633 1524 668 1588 in
694 1523 909 1590 Eichenfeldi
937 1541 971 1590 et
995 1522 1195 1591 Enttichert

103 1639 201 1712 Anal.
229 1663 363 1730 grumm.
387 1663 422 1728 p·
450 1637 542 1705 5352
582 1639 764 1706 Terentius
798 1638 966 1728 rlrytlsmis
990 1638 1109 1706 scribit
1137 1664 1196 1706 oo-

105 1753 258 1830 moedias
281 1753 333 1818 vel
357 1749 434 1838 (sic)
461 1748 615 1824 Ptausos.
665 1756 964 1823 verumenimvero
991 1755 1078 1834 illos,
1121 1755 1197 1847 qui-

106 1871 170 1936 bus
195 1869 330 1936 Rufinus
357 1868 547 1934 auctoribus
573 1869 691 1949 utitur,
724 1895 768 1937 ne
802 1871 836 1935 in
872 1895 911 1938 eo
940 1895 1055 1937 omnes
1081 1868 1197 1937 elabo-

106 2010 197 2053 rasse
223 1982 416 2062 oredemus‚
452 2002 489 2049 ut
523 1982 636 2051 dedita
669 2009 771 2077 opere
805 2011 1022 2053 numerorum
1054 1986 1198 2053 rationes

107 2100 333 2193 explorarent,
354 2101 430 2191 ipse
456 2101 533 2167 satis
561 2102 645 2170 cavit
667 2101 815 2171 Rufinus.
867 2104 951 2170 Num
967 2119 1022 2169 eut
1036 2101 1070 2166 in
1090 2119 1198 2166 truns-

108 2241 206 2287 cursu
234 2233 358 2283 tentum
386 2216 581 2285 seutentiam
604 2215 654 2282 illi
680 2216 909 2309 significarunt
932 2242 1037 2299 suum,
1073 2234 1129 2282 ent
1153 2241 1200 2284 ne

107 2334 175 2400 hoe
202 2331 342 2424 quidem
367 2333 534 2412 feceruut,
559 2331 693 2400 sedvel
717 2332 897 2400 versiculos
924 2331 1087 2425 quosdam
1107 2348 1200 2399 vete·

109 2473 184 2514 rum
221 2444 397 2541 poetarum
436 2445 618 2514 attuleruut
643 2466 800 2541 tunquam
820 2447 1025 2528 versiculos,
1063 2445 1118 2514 vel
1151 2445 1197 2515 tle

109 2565 269 2631 Terentio
301 2562 458 2630 Pluutove
497 2565 681 2656 generatim
714 2561 817 2631 locuti
847 2583 925 2630 sunt
960 2583 1116 2655 tunquam
1152 2560 1198 2628 de

109 2682 217 2771 poetis
250 2679 281 2744 h.
310 2704 340 2749 e.
366 2678 486 2772 ligatae
521 2680 680 2746 cretionis
718 2681 953 2771 scriptoribus:
985 2677 1095 2756 unde,
1129 2701 1198 2742 non
1234 2697 1236 2700 ⁴

112 2820 185 2881 esse
211 2819 266 2861 eos
292 2795 386 2863 istius
411 2794 638 2888 perversitatis
661 2795 855 2886 participes,
886 2818 985 2886 quum
1011 2789 1153 2857 vidimus
1178 2815 1198 2856 n

110 2910 280 2976 Priscieno
309 2911 474 2999 exagitari,
500 2907 589 2975 hund
616 2933 696 2975 sune
723 2907 830 2975 fallaci
857 2909 1048 2976 coniectura
1067 2905 1199 2998 assequi

110 3024 244 3092 licebat.
295 3024 495 3117 Intelligitur
520 3025 594 3092 hoc.
612 3049 653 3090 ex
675 3026 756 3117 ipsis
782 3024 914 3091 illorum
939 3025 1049 3090 verbis
1074 3024 1115 3089 eh
1130 3023 1197 3089 Ru-

110 3143 177 3208 liuo
217 3157 310 3206 untes
346 3142 530 3232 excerptis:
570 3141 691 3233 quibus
727 3139 864 3233 quidem
898 3143 1065 3234 excerptis
1091 3154 1197 3208 toturn

111 3260 181 3323 eius
208 3255 517 3326 commentariolum
544 3258 739 3323 continetur.
769 3255 966 3322 Adversurin
986 3258 1073 3323 enim
1092 3283 1197 3350 quoe-

112 3371 188 3442 dem
213 3397 271 3439 sua
297 3373 453 3464 magister
478 3372 714 3439 Antiochensis
743 3370 858 3437 effudit
883 3371 976 3438 nullo
995 3371 1115 3440 urdine
1143 3370 1196 3436 ‹ti-

111 3507 216 3582 gesta:
241 3489 361 3581 quibus
387 3489 421 3555 iu
449 3486 516 3554 fine
543 3486 727 3556 indiculum
759 3513 986 3581 eorumquos
1014 3514 1196 3580 excerpens·

111 3624 162 3670 rat
182 3623 353 3670 auctorum
380 3601 509 3670 adiecit„
561 3603 603 3671 Et
628 3629 666 3669 ex
692 3604 742 3671 his
766 3604 905 3698 quidem
931 3603 1125 3698 quindecim
1142 3630 1196 3671 re-

112 3745 189 3785 vera
219 3738 360 3811 utroque
382 3718 456 3786 loco
482 3718 647 3804 redeunt3
681 3738 755 3788 oeto
789 3738 898 3787 nutem
926 3721 1059 3815 nomine
1081 3721 1117 3784 in
1144 3720 1197 3784 in-

112 3834 188 3901 dice
212 3835 346 3901 demum
374 3859 544 3902 accessere
566 3861 631 3903 nec
653 3836 687 3900 in
704 3837 784 3931 ipsis
803 3862 888 3929 quse
915 3831 1124 3927 praecellunt
1141 3859 1197 3898 ex·

111 3953 233 4044 cerptis
249 3950 375 4017 habent
391 3974 457 4042 quo
473 3949 667 4019 reserantur.
685 3951 812 4017 Horum
825 3952 923 4043 igitur
933 3947 1096 4019 excidisse
1106 3949 1198 4013 testi-

109 4068 218 4132 monia
243 4090 282 4130 eo
306 4064 486 4157 proclivior
512 4066 703 4130 coniectura
727 4082 787 4141 cst,
814 4087 880 4156 quo
900 4063 1120 4156 negligentius
1142 4064 1199 4129 bn·
1273 4081 1277 4089 “

109 4185 197 4247 bitae
236 4184 317 4247 istae
343 4179 483 4247 laciniae
506 4180 716 4261 Rufinianum
757 4205 947 4273 quiunquam
980 4180 1091 4273 potuit
1119 4205 1198 4246 saue

111 4298 177 4363 hoc
210 4300 306 4363 etiam
344 4295 439 4363 aliter
466 4321 500 4361 so
526 4295 659 4373 hebere.
712 4296 875 4376 Quattuor·
914 4313 1022 4371 eutem
1056 4321 1099 4375 ex,
1133 4294 1199 4362 illis

110 4412 245 4476 uomina
271 4411 314 4476 acl
340 4413 490 4476 Terentii
517 4412 826 4502 interpretationem
847 4429 1018 4501 spectent:
1045 4413 1200 4480 Euanthii

114 4529 202 4592 euim
239 4544 270 4591 et
305 4527 405 4617 Aspri
441 4527 637 4592 testimoniis
664 4552 765 4621 supra
792 4529 907 4620 positis
935 4554 1022 4607 nunc
1048 4531 1120 4600 sine
1150 4547 1201 4596 te·

113 4643 273 4708 stimoniis
312 4639 473 4709 accedunt
500 4640 661 4738 Helenips
701 4643 785 4730 (uon
807 4643 994 4731 Helenus),
1032 4647 1209 4730 Arutrtius,
