2820 5332
151 615 223 693 490
345 641 412 688 vau.
463 640 505 684 na
533 639 676 684 avanano
704 602 872 683 scaram
899 638 1017 682 oamae
1104 608 1121 626 ⁹

152 814 228 885 Tali
255 834 362 883 autem
388 816 606 884 inconstantia
630 814 711 908 qnid
737 815 855 879 mirum
882 814 908 879 si
935 815 1033 880 etiam
1057 811 1148 880 illud
1176 815 1249 884 ac-·

154 929 245 1010 cidit,
273 948 307 995 ut
331 931 450 1023 integri
475 955 588 998 versus
613 954 751 1022 prorsus
778 929 1030 996 omitterentur?

275 1045 361 1111 Hinc
386 1048 486 1137 igitur
511 1044 608 1112 facile
635 1044 894 1122 existimabitur,
925 1068 990 1136 qua
1029 1041 1241 1111 confidentia

155 1186 265 1255 quove
291 1164 364 1228 iure
390 1160 432 1227 ad
460 1185 594 1227 socnam
620 1161 763 1251 primam
789 1179 879 1226 actus
904 1159 969 1240 III,
1007 1159 1041 1224 in
1074 1184 1140 1252 qua
1165 1160 1239 1226 iam

155 1277 357 1370 aliquantum
384 1275 642 1355 elaboravimus,
667 1299 758 1341 nunc
784 1276 881 1341 etiam
908 1274 1050 1368 simplici
1074 1298 1241 1342 versuum

156 1393 409 1483 transpositione
449 1388 739 1482 redintegrandam
766 1407 801 1456 et
824 1389 852 1455 si
874 1389 946 1455 fieri
980 1391 1085 1482 possit
1108 1414 1236 1482 persa·

156 1506 299 1573 nandam
331 1504 537 1572 accedamus
595 1507 645 1572 Ac
679 1506 824 1597 primum
856 1528 923 1571 uno
956 1505 1061 1573 verbo
1098 1528 1238 1586 moneo,

156 1622 340 1689 rectissime
365 1619 554 1686 Acidalium
582 1644 658 1685 eum
682 1644 812 1686 versum
837 1621 894 1712 qui
920 1643 1009 1685 nunc
1030 1616 1152 1712 legitur
1166 1623 1235 1692 81:

305 1735 461 1804 Calidum
485 1736 550 1801 lioc
575 1751 643 1801 est:
669 1739 735 1801 etsi
755 1735 876 1827 procul
898 1733 1006 1812 abest,
1031 1739 1100 1801 orit
1124 1734 1239 1804 mate.-

115 1928 118 1937 ,
159 1878 177 1920 e
203 1853 434 1944 contiguorum
460 1853 620 1919 societate
643 1853 825 1931 exemisse,
851 1851 910 1942 qui
934 1851 969 1917 hi
995 1866 1085 1916 sunt:

207 1970 255 2039 80
305 1987 370 2038 DA·
400 1968 482 2036 Non
515 1965 637 2058 edepol
665 1989 756 2031 nanc
785 1989 836 2030 me
866 1981 904 2031 ta
936 1969 1010 2032 istis
1031 1962 1139 2033 verbis
1162 1981 1235 2031 ter·

742 2084 839 2146 ritas.

207 2193 254 2262 82
307 2214 367 2264 τε.
382 2192 500 2293 ‘Quod
524 2196 603 2263 illoc
629 2213 680 2260 est
695 2200 831 2282 faenus
852 2194 1012 2272 obsecro,
1043 2194 1135 2288 qaod
1164 2196 1237 2263 illic

152 2398 155 2405 Ι
744 2310 857 2403 petit?

163 2424 197 2473 et
221 2409 333 2473 versui
361 2406 430 2476 136
457 2409 687 2477 subiunxisse:

312 2522 467 2591 Calidum
503 2525 615 2592 lmrcle
645 2525 762 2593 audivi
787 2549 860 2592 esse
892 2543 1061 2618 optumam
1095 2523 1237 2592 menda-

750 2645 845 2707 cium.

164 2752 248 2820 Nam
274 2755 339 2823 hoc
363 2756 470 2823 solum
496 2781 611 2824 sanum
639 2780 725 2835 esse,
751 2758 902 2824 insanum
929 2757 1023 2851 quod
1049 2755 1145 2850 vulgo
1169 2758 1236 2826 ler-
1264 2755 1267 2763 ’

166 2884 228 2947 tur,
253 2893 307 2935 res
334 2870 407 2963 ipsa
431 2869 589 2964 loquitur.

265 2983 333 3052 Sed
357 2985 434 3078 plns
465 2986 579 3079 paullo
611 3006 687 3079 post
713 2988 878 3068 turbatum
899 3005 950 3054 est
980 2984 1061 3055 inde
1083 3014 1101 3054 a
1128 3014 1156 3055 v.
1180 2987 1239 3070 90,

167 3093 224 3163 ubi
249 3096 331 3166 haec
355 3100 542 3193 vulgantur:

215 3213 263 3284 90
312 3237 372 3284 ro.
401 3213 497 3314 Quid
520 3217 571 3283 illi
586 3216 751 3282 deletor?
799 3240 852 3288 ra.
879 3218 1016 3287 obsecro
1037 3220 1148 3287 liercle
1164 3218 1238 3287 iuba

319 3331 418 3399 Obici
441 3347 625 3423 argentam
646 3331 723 3398 lzaic
748 3329 789 3397 ob
815 3356 852 3399 os
877 3338 1028 3426 impurae
1051 3335 1180 3403 beluac.

313 3468 373 3515 ΤΗ.
400 3446 566 3514 subeam?
597 3471 650 3518 To.
677 3447 752 3514 iube
777 3446 908 3517 domini
929 3469 1077 3544 argento
1099 3475 1138 3518 os
1166 3477 1239 3520 vcr-

755 3564 918 3633 berarier.

316 3699 379 3749 DA.
405 3678 581 3766 Perfacile
608 3703 672 3771 ego
698 3684 784 3746 ictus
805 3687 980 3775 perpetior
1001 3701 1195 3774 argenteos.

319 3816 382 3865 ΤΗ.
421 3792 526 3894 Quod
549 3795 634 3877 illud
656 3813 839 3888 argentum
865 3797 944 3867 est?
992 3823 1047 3872 ra.
1088 3800 1163 3866 lmic
1184 3798 1246 3866 de-

758 3911 813 3978 bet
839 3914 1054 3980 Philolaches

224 4024 270 4094 95
319 4026 474 4098 Paulam.
524 4051 584 4098 ΤΗ.
610 4027 836 4120 quantillum?
884 4053 937 4101 aa.
976 4035 1075 4122 quasi
1096 4029 1247 4124 quadra·

761 4147 862 4234 ginta
886 4151 1008 4212 minas.

323 4283 388 4336 DA.
422 4267 475 4334 Ne
502 4291 586 4333 sane
620 4267 657 4334 id
682 4267 819 4334 multam
850 4293 1011 4348 censeas,
1050 4270 1188 4362 paulum
1214 4270 1253 4339 id

764 4384 898 4476 qtiidom
922 4404 981 4453 est.

327 4519 380 4566 To.
405 4492 546 4564 Audin?
573 4498 748 4566 videturne
774 4500 912 4569 obsecro
938 4503 1049 4570 laerclo
1076 4502 1237 4579 idoneas,

331 4615 482 4683 Danista
497 4619 556 4706 qui
566 4616 635 4683 sil?
660 4641 771 4708 genos
787 4618 878 4712 qood
890 4619 1175 4713 improbissumom
1188 4638 1250 4689 cst.
