2820 5332
211 689 284 771 348
451 726 479 765 V·
505 726 547 768 nt
573 724 678 767 ACTA!
703 724 869 768 ΤΕΙῙΙῚΜΗΙ
897 726 1062 770 ΤΕῊΟΙΙΕ.

210 914 367 988 gumento
397 913 446 962 sat
478 897 657 988 ancipitem
693 900 922 992 quaestionem
949 923 1086 991 prorsus
1119 895 1296 973 diremeri-

209 1037 291 1095 mus.
318 1013 448 1077 Etenim
475 1011 567 1103 quod
593 1012 800 1081 iocabundus
815 1014 1019 1108 sycophanta
1040 1016 1085 1079 ait
1097 1013 1139 1091 V,
1152 1013 1186 1090 2,
1202 1011 1294 1125 248:

515 1131 687 1193 enimvero
712 1154 789 1195 sero
815 1134 976 1222 quereiam
1002 1129 1068 1194 Itne
1092 1126 1246 1206 αάνεηὶε,

309 1241 494 1334 Vapnlnbt's
507 1242 678 1309 arbitratu
697 1268 770 1310 nteo
786 1262 820 1309 et
845 1269 1048 1310 novorum
1067 1241 1299 1310 aedilium:

209 1356 257 1424 eis
282 1358 393 1423 verbis
417 1359 475 1450 qui
500 1363 581 1423 novi
605 1357 762 1426 dicuntur
788 1359 935 1436 aediles,
967 1385 1035 1424 non
1067 1376 1208 1450 possunt
1242 1357 1298 1424 alii

207 1469 367 1563 intelligi,
404 1473 466 1537 nisi
506 1473 564 1564 qui
590 1497 707 1540 recens
730 1499 849 1540 munus
877 1475 1124 1567 capessiverint.
1176 1473 1295 1541 Aditos

209 1603 319 1652 autem
354 1590 560 1680 magistratus
594 1587 673 1654 inde
704 1591 745 1654 ab
780 1615 807 1654 a.
834 1582 906 1660 487
948 1589 1100 1656 [dibus
1126 1591 1296 1657 Martiis

208 1720 345 1782 constat,
372 1704 493 1796 quibus
520 1703 705 1769 adamum
732 1702 804 1773 600
830 1704 1006 1773 Kalendae
1033 1707 1204 1773 Ianuariae
1222 1731 1297 1773 sue·

207 1837 390 1887 cesserunt:
415 1817 480 1884 vid
507 1817 630 1885 Ideleri
658 1820 860 1914 Chronolog.
890 1822 929 1900 ll,
956 1848 989 1913 p.
1020 1822 1088 1894 149
1118 1822 1194 1890 coll.
1215 1824 1296 1890 Nie-

206 1933 308 2000 buhri
334 1935 415 2000 Hist.
440 1935 498 2013 ΙΙΙ,
523 1960 556 2026 p.
583 1932 666 2004 494.
718 1935 866 2018 Quodsi,
892 1938 1014 2029 quibus
1041 1938 1132 2004 festis
1159 1939 1214 2005 illa
1241 1965 1297 2004 ae-

175 2146 178 2152 ,
209 2069 273 2119 tate
301 2050 430 2116 fabulae
457 2052 652 2116 commissae
679 2052 766 2133 sint,
796 2054 1004 2144 quaerimus,
1038 2055 1136 2120 trium
1164 2056 1297 2146 potissi-

207 2190 297 2230 mum
324 2167 494 2258 optionem
519 2164 626 2230 datam
654 2191 724 2232 esse
750 2170 953 2260 reperimus:
987 2168 1109 2235 sactum
1137 2170 1225 2234 euim
1253 2168 1294 2233 il·

205 2278 265 2346 lud
303 2299 359 2345 aut
393 2282 546 2347 Romanis
581 2279 669 2347 ludis
706 2301 761 2349 aut
796 2281 927 2374 plebeis
953 2304 1009 2350 aut
1032 2283 1293 2376 Megalensibus,

206 2394 341 2489 quando
367 2395 619 2488 Apollinaribus
644 2396 737 2463 datas
764 2397 891 2463 fabulas
918 2425 980 2466 nec
1009 2401 1118 2465 Livius
1145 2424 1291 2490 unquam

207 2529 446 2579 commemorat
468 2537 532 2579 nec
556 2511 638 2578 alius
662 2515 837 2606 quisquam
855 2533 931 2581 ante
953 2534 1101 2607 tempora
1121 2514 1290 2606 aliquanto

206 2629 391 2719 posteriora
405 2629 509 2694 novit:
538 2628 630 2720 quod
656 2654 760 2721 genus
784 2633 967 2696 accuratius
1002 2656 1103 2722 supra
1140 2630 1289 2695 definivi·

206 2768 278 2810 mus
306 2771 337 2837 p.
361 2742 431 2815 ‘286
457 2770 530 2836 sqq.
582 2746 631 2809 Ae
654 2745 792 2810 Romani
819 2744 958 2837 quidem
980 2744 1050 2810 ludi
1078 2771 1151 2811 cum
1177 2769 1291 2810 mense

206 2861 402 2952 Septembri
427 2860 504 2926 sacti
527 2863 612 2936 sint,
653 2861 835 2927 Novembri
869 2879 979 2926 autem
1014 2858 1144 2950 plebei,
1173 2861 1293 2924 horum

207 2993 325 3041 neutro
352 2978 513 3041 mensium
540 2995 680 3068 apparet
701 2999 802 3041 novos
829 2974 895 3041 diei
917 2977 1120 3066 magistratus
1135 2977 1291 3066 potuisse.

207 3092 249 3156 Et
273 3109 310 3156 nt
336 3092 433 3157 etiam
459 3090 671 3183 Apollinares
697 3092 731 3154 in
758 3090 964 3182 reliquorum
989 3092 1184 3156 societatem
1209 3091 1294 3154 asei-

208 3230 347 3286 scamus,
371 3208 429 3300 qui
459 3233 500 3272 m.
527 3207 611 3273 lulio
638 3207 778 3272 fiebant:
802 3232 845 3273 ue
865 3223 1020 3298 quattuor
1042 3205 1177 3296 quidem
1201 3231 1293 3269 meu-

207 3323 291 3388 sium
317 3321 526 3388 intervallum
547 3347 614 3387 non
643 3339 754 3414 potest
775 3321 912 3385 nimium
938 3319 1056 3385 rideri.
1084 3321 1148 3385 Vni
1166 3336 1293 3384 restant

207 3438 500 3530 Megalenses,
535 3438 689 3530 proximo
716 3436 763 3502 illi
790 3453 868 3527 post
892 3434 1063 3525 consulum
1092 3436 1292 3501 creationem

207 3579 321 3619 mense
347 3553 492 3646 Aprili
519 3553 604 3620 sacti.
644 3555 715 3636 Qua
739 3553 868 3618 ratione
892 3577 966 3637 eum
996 3552 1208 3642 necopinato,
1229 3576 1294 3640 per

208 3671 300 3735 cuius
322 3668 398 3734 sesti
424 3671 707 3760 opportunitatem
732 3668 947 3732 Trinummus
973 3685 1043 3731 acta
1070 3668 1121 3744 sit,
1149 3664 1293 3756 patefiat,

209 3802 276 3849 tum
303 3784 458 3876 singulari
487 3784 616 3850 fortuna
643 3784 739 3848 etiam
767 3782 870 3861 illud,
906 3806 1004 3872 quem
1032 3806 1153 3845 anirum
1181 3805 1219 3844 ea
1246 3778 1295 3842 sa-

206 3899 285 3966 bula
311 3898 475 3966 excedere
504 3925 569 3966 raon
595 3901 753 3991 potuerit,
792 3899 962 3965 docemur.
1009 3898 1162 3987 Namque
1198 3896 1293 3986 pri-

207 4041 306 4082 mum
329 4017 535 4082 scenicos
561 4017 662 4080 luisse
684 4013 893 4107 Megalenses
921 4040 948 4078 a.
971 4014 1054 4083 559
1082 4027 1290 4078 certnmest:

206 4128 270 4194 vid.
298 4156 396 4222 supra
423 4157 455 4221 p.
484 4127 555 4199 ‘294
581 4158 598 4195 a
622 4132 721 4222 nobis
750 4131 909 4220 exposita.
959 4128 1124 4218 Equibns
1142 4122 1293 4191 sineulla

207 4243 413 4312 dubitatione
439 4249 656 4338 consequitur
686 4270 766 4312 non
796 4263 900 4309 ante
926 4270 954 4307 a.
977 4243 1064 4313 559
1090 4245 1120 4306 'l'
1131 4244 1165 4306 ri
1179 4265 1290 4305 nnm-

207 4387 311 4426 mum
338 4380 476 4427 actam
506 4387 610 4427 esse.

302 4478 413 4568 Atque
441 4480 488 4543 sic
515 4476 649 4542 deinum
679 4501 696 4539 e
722 4476 966 4565 Campanorum
995 4471 1090 4539 clade
1114 4473 1217 4563 petita
1243 4498 1295 4536 ar-

202 4609 358 4684 gumenta
392 4591 573 4659 didicimus
607 4593 685 4656 hinc
724 4588 828 4654 alicua
858 4614 930 4655 esse
958 4590 1085 4671 outnia3
1123 4612 1211 4660 tanne
1235 4585 1295 4651 de-

202 4733 290 4777 ntum
321 4709 394 4789 iure
433 4728 547 4776 nostro
582 4732 736 4800 agemus,
773 4731 848 4771 cunt
884 4730 946 4796 pro
971 4704 1064 4797 Syris
1092 4701 1218 4796 prolata
1242 4730 1293 4770 as-
