<?xml version="1.0" encoding="UTF-8"?>
<!DOCTYPE html PUBLIC "-//W3C//DTD XHTML 1.0 Transitional//EN"
    "http://www.w3.org/TR/xhtml1/DTD/xhtml1-transitional.dtd">
<html xmlns="http://www.w3.org/1999/xhtml" xml:lang="en" lang="en">
 <head>
  <title>
</title>
<meta http-equiv="Content-Type" content="text/html;charset=utf-8" />
  <meta name='ocr-system' content='tesseract 3.04.00' />
  <meta name='ocr-capabilities' content='ocr_page ocr_carea ocr_par ocr_line ocrx_word'/>
</head>
<body>
  <div class='ocr_page' id='page_1' title='image "./parergonplautin01ritsgoog_0594.png"; bbox 0 0 2820 5332; ppageno 0'>
   <div class='ocr_carea' id='block_1_1' title="bbox 463 678 1191 746">
    <p class='ocr_par' dir='ltr' id='par_1_1' title="bbox 463 678 1191 746">
     <span class='ocr_line' id='line_1_1' title="bbox 463 678 1191 746; baseline 0.008 -6"><span class='ocrx_word' id='word_1_1' title='bbox 463 699 626 744; x_wconf 76' lang='lat' dir='ltr'>rntnvnnt</span> <span class='ocrx_word' id='word_1_2' title='bbox 656 698 846 743; x_wconf 72' lang='lat' dir='ltr'>rurestris.</span> <span class='ocrx_word' id='word_1_3' title='bbox 1119 678 1191 746; x_wconf 82' lang='lat'>553</span> 
     </span>
    </p>
   </div>
   <div class='ocr_carea' id='block_1_2' title="bbox 63 867 1244 4655">
    <p class='ocr_par' dir='ltr' id='par_1_2' title="bbox 63 867 1244 1655">
     <span class='ocr_line' id='line_1_2' title="bbox 63 867 1192 962; baseline 0.002 -30"><span class='ocrx_word' id='word_1_4' title='bbox 63 938 73 956; x_wconf 35' lang='grc' dir='ltr'><strong>ι</strong></span> <span class='ocrx_word' id='word_1_5' title='bbox 117 867 249 947; x_wconf 81' lang='lat' dir='ltr'>licebit,</span> <span class='ocrx_word' id='word_1_6' title='bbox 286 894 364 933; x_wconf 89' lang='lat' dir='ltr'>num</span> <span class='ocrx_word' id='word_1_7' title='bbox 396 893 465 935; x_wconf 90' lang='lat' dir='ltr'>non</span> <span class='ocrx_word' id='word_1_8' title='bbox 499 873 600 962; x_wconf 82' lang='lat' dir='ltr'>magis</span> <span class='ocrx_word' id='word_1_9' title='bbox 633 870 687 936; x_wconf 90' lang='lat' dir='ltr'>bic</span> <span class='ocrx_word' id='word_1_10' title='bbox 714 895 811 962; x_wconf 84' lang='lat' dir='ltr'>quam</span> <span class='ocrx_word' id='word_1_11' title='bbox 844 871 879 933; x_wconf 91' lang='lat' dir='ltr'>in</span> <span class='ocrx_word' id='word_1_12' title='bbox 914 869 1029 935; x_wconf 88' lang='lat' dir='ltr'>Sticho</span> <span class='ocrx_word' id='word_1_13' title='bbox 1060 886 1091 936; x_wconf 84' lang='lat' dir='ltr'>et</span> <span class='ocrx_word' id='word_1_14' title='bbox 1112 869 1192 935; x_wconf 78' lang='lat' dir='ltr'>alibi</span> 
     </span>
     <span class='ocr_line' id='line_1_3' title="bbox 113 982 1192 1068; baseline 0.003 -20"><span class='ocrx_word' id='word_1_15' title='bbox 113 1009 225 1049; x_wconf 85' lang='lat' dir='ltr'>rerum</span> <span class='ocrx_word' id='word_1_16' title='bbox 252 986 407 1050; x_wconf 88' lang='lat' dir='ltr'>metricus</span> <span class='ocrx_word' id='word_1_17' title='bbox 433 982 490 1048; x_wconf 89' lang='lat' dir='ltr'>ille</span> <span class='ocrx_word' id='word_1_18' title='bbox 516 983 643 1051; x_wconf 84' lang='lat' dir='ltr'>viderit.</span> <span class='ocrx_word' id='word_1_19' title='bbox 708 984 836 1068; x_wconf 84' lang='lat' dir='ltr'><strong>Quodsi</strong></span> <span class='ocrx_word' id='word_1_20' title='bbox 862 1009 928 1050; x_wconf 89' lang='lat' dir='ltr'>non</span> <span class='ocrx_word' id='word_1_21' title='bbox 954 985 1097 1064; x_wconf 84' lang='lat' dir='ltr'>viderit,</span> <span class='ocrx_word' id='word_1_22' title='bbox 1132 1011 1192 1051; x_wconf 89' lang='lat' dir='ltr'>ne·</span> 
     </span>
     <span class='ocr_line' id='line_1_4' title="bbox 114 1099 1192 1192; baseline 0.007 -32"><span class='ocrx_word' id='word_1_23' title='bbox 114 1125 277 1191; x_wconf 85' lang='lat' dir='ltr'>quaquam</span> <span class='ocrx_word' id='word_1_24' title='bbox 302 1099 417 1165; x_wconf 90' lang='lat' dir='ltr'>dubito</span> <span class='ocrx_word' id='word_1_25' title='bbox 444 1102 524 1191; x_wconf 88' lang='lat' dir='ltr'>quin</span> <span class='ocrx_word' id='word_1_26' title='bbox 551 1126 612 1164; x_wconf 82' lang='lat' dir='ltr'>unu</span> <span class='ocrx_word' id='word_1_27' title='bbox 640 1099 706 1166; x_wconf 84' lang='lat' dir='ltr'>solu</span> <span class='ocrx_word' id='word_1_28' title='bbox 727 1102 775 1165; x_wconf 84' lang='lat' dir='ltr'>via</span> <span class='ocrx_word' id='word_1_29' title='bbox 795 1099 938 1165; x_wconf 82' lang='lat' dir='ltr'>ineunda</span> <span class='ocrx_word' id='word_1_30' title='bbox 962 1102 1011 1177; x_wconf 90' lang='lat' dir='ltr'>sit,</span> <span class='ocrx_word' id='word_1_31' title='bbox 1039 1127 1102 1192; x_wconf 85' lang='lat' dir='ltr'>qua</span> <span class='ocrx_word' id='word_1_32' title='bbox 1123 1120 1192 1168; x_wconf 88' lang='lat' dir='ltr'>tro-</span> 
     </span>
     <span class='ocr_line' id='line_1_5' title="bbox 113 1214 1191 1308; baseline 0.002 -29"><span class='ocrx_word' id='word_1_33' title='bbox 113 1214 244 1281; x_wconf 85' lang='lat' dir='ltr'>chaicos</span> <span class='ocrx_word' id='word_1_34' title='bbox 271 1239 427 1280; x_wconf 89' lang='lat' dir='ltr'>numeros</span> <span class='ocrx_word' id='word_1_35' title='bbox 454 1232 607 1279; x_wconf 89' lang='lat' dir='ltr'>tutemur.</span> <span class='ocrx_word' id='word_1_36' title='bbox 657 1215 797 1308; x_wconf 85' lang='lat' dir='ltr'>Aliquid</span> <span class='ocrx_word' id='word_1_37' title='bbox 821 1217 909 1280; x_wconf 89' lang='lat' dir='ltr'>enim</span> <span class='ocrx_word' id='word_1_38' title='bbox 931 1215 1120 1281; x_wconf 79' lang='lat' dir='ltr'>offensionis</span> <span class='ocrx_word' id='word_1_39' title='bbox 1142 1216 1191 1281; x_wconf 82' lang='lat' dir='ltr'>fs-</span> 
     </span>
     <span class='ocr_line' id='line_1_6' title="bbox 113 1330 1191 1424; baseline 0.001 -30"><span class='ocrx_word' id='word_1_40' title='bbox 113 1348 186 1394; x_wconf 90' lang='lat' dir='ltr'>teor</span> <span class='ocrx_word' id='word_1_41' title='bbox 219 1332 298 1395; x_wconf 88' lang='lat' dir='ltr'>mihi</span> <span class='ocrx_word' id='word_1_42' title='bbox 321 1332 475 1397; x_wconf 89' lang='lat' dir='ltr'>subnasci</span> <span class='ocrx_word' id='word_1_43' title='bbox 499 1332 598 1396; x_wconf 85' lang='lat' dir='ltr'>simul</span> <span class='ocrx_word' id='word_1_44' title='bbox 618 1331 802 1424; x_wconf 81' lang='lat' dir='ltr'>particula,</span> <span class='ocrx_word' id='word_1_45' title='bbox 840 1358 923 1424; x_wconf 80' lang='lat' dir='ltr'>quae</span> <span class='ocrx_word' id='word_1_46' title='bbox 957 1356 1023 1423; x_wconf 91' lang='lat' dir='ltr'>quo</span> <span class='ocrx_word' id='word_1_47' title='bbox 1056 1330 1191 1397; x_wconf 78' lang='lat' dir='ltr'>tandem</span> 
     </span>
     <span class='ocr_line' id='line_1_7' title="bbox 111 1448 1244 1540; baseline 0.003 -30"><span class='ocrx_word' id='word_1_48' title='bbox 111 1464 241 1536; x_wconf 83' lang='lat' dir='ltr'>spectet</span> <span class='ocrx_word' id='word_1_49' title='bbox 266 1469 334 1512; x_wconf 90' lang='lat' dir='ltr'>non</span> <span class='ocrx_word' id='word_1_50' title='bbox 359 1449 435 1512; x_wconf 82' lang='lat' dir='ltr'>satis</span> <span class='ocrx_word' id='word_1_51' title='bbox 461 1465 610 1538; x_wconf 75' lang='lat' dir='ltr'>apparet.</span> <span class='ocrx_word' id='word_1_52' title='bbox 674 1448 791 1540; x_wconf 80' lang='lat' dir='ltr'>ltaque</span> <span class='ocrx_word' id='word_1_53' title='bbox 821 1474 894 1513; x_wconf 92' lang='lat' dir='ltr'>cum</span> <span class='ocrx_word' id='word_1_54' title='bbox 920 1450 955 1513; x_wconf 91' lang='lat' dir='ltr'>in</span> <span class='ocrx_word' id='word_1_55' title='bbox 980 1448 1106 1514; x_wconf 89' lang='lat' dir='ltr'>Vetere</span> <span class='ocrx_word' id='word_1_56' title='bbox 1135 1471 1191 1513; x_wconf 83' lang='lat' dir='ltr'>co·</span> <span class='ocrx_word' id='word_1_57' title='bbox 1240 1466 1244 1476; x_wconf 79' lang='lat'><strong><em>‘</em></strong></span> 
     </span>
     <span class='ocr_line' id='line_1_8' title="bbox 112 1561 968 1655; baseline 0.004 -30"><span class='ocrx_word' id='word_1_58' title='bbox 112 1561 188 1628; x_wconf 89' lang='lat' dir='ltr'>dice</span> <span class='ocrx_word' id='word_1_59' title='bbox 212 1564 258 1627; x_wconf 90' lang='lat' dir='ltr'>sic</span> <span class='ocrx_word' id='word_1_60' title='bbox 285 1561 456 1628; x_wconf 88' lang='lat' dir='ltr'>distinctos</span> <span class='ocrx_word' id='word_1_61' title='bbox 482 1563 557 1628; x_wconf 91' lang='lat' dir='ltr'>illos</span> <span class='ocrx_word' id='word_1_62' title='bbox 580 1589 694 1629; x_wconf 88' lang='lat' dir='ltr'>versus</span> <span class='ocrx_word' id='word_1_63' title='bbox 719 1566 968 1655; x_wconf 76' lang='lat' dir='ltr'>repperissent:</span> 
     </span>
    </p>

    <p class='ocr_par' dir='ltr' id='par_1_3' title="bbox 108 1675 1243 4655">
     <span class='ocr_line' id='line_1_9' title="bbox 211 1675 1191 1770; baseline 0 -27"><span class='ocrx_word' id='word_1_64' title='bbox 211 1675 282 1743; x_wconf 85' lang='lat' dir='ltr'>Sed</span> <span class='ocrx_word' id='word_1_65' title='bbox 306 1681 379 1769; x_wconf 75' lang='lat' dir='ltr'>quis</span> <span class='ocrx_word' id='word_1_66' title='bbox 404 1677 459 1742; x_wconf 83' lang='lat' dir='ltr'>lric</span> <span class='ocrx_word' id='word_1_67' title='bbox 485 1693 549 1752; x_wconf 83' lang='lat' dir='ltr'>est,</span> <span class='ocrx_word' id='word_1_68' title='bbox 571 1682 682 1769; x_wconf 80' lang='lat' dir='ltr'>quiin</span> <span class='ocrx_word' id='word_1_69' title='bbox 706 1679 883 1770; x_wconf 79' lang='lat' dir='ltr'>planteam</span> <span class='ocrx_word' id='word_1_70' title='bbox 903 1678 1100 1768; x_wconf 78' lang='lat' dir='ltr'>ingreditur</span> <span class='ocrx_word' id='word_1_71' title='bbox 1117 1703 1191 1743; x_wconf 87' lang='lat' dir='ltr'>cum</span> 
     </span>
     <span class='ocr_line' id='line_1_10' title="bbox 606 1778 1193 1886; baseline 0.002 -28"><span class='ocrx_word' id='word_1_72' title='bbox 606 1818 694 1858; x_wconf 84' lang='lat' dir='ltr'>novo</span> <span class='ocrx_word' id='word_1_73' title='bbox 718 1778 862 1859; x_wconf 80' lang='lat' dir='ltr'>ornatus</span> <span class='ocrx_word' id='word_1_74' title='bbox 880 1799 1042 1886; x_wconf 82' lang='lat' dir='ltr'>peciaque</span> <span class='ocrx_word' id='word_1_75' title='bbox 1069 1794 1193 1859; x_wconf 79' lang='lat' dir='ltr'>simul?</span> 
     </span>
     <span class='ocr_line' id='line_1_11' title="bbox 210 1904 1192 2003; baseline 0.005 -33"><span class='ocrx_word' id='word_1_76' title='bbox 210 1904 272 1971; x_wconf 84' lang='lat' dir='ltr'>Sol</span> <span class='ocrx_word' id='word_1_77' title='bbox 295 1932 489 2000; x_wconf 76' lang='lat' dir='ltr'>quanquam</span> <span class='ocrx_word' id='word_1_78' title='bbox 514 1909 649 1974; x_wconf 89' lang='lat' dir='ltr'>domum</span> <span class='ocrx_word' id='word_1_79' title='bbox 675 1915 771 2000; x_wconf 86' lang='lat' dir='ltr'>cupio</span> <span class='ocrx_word' id='word_1_80' title='bbox 791 1916 928 2002; x_wconf 82' lang='lat' dir='ltr'>operiar</span> <span class='ocrx_word' id='word_1_81' title='bbox 947 1911 1002 1976; x_wconf 77' lang='lat' dir='ltr'>hic</span> <span class='ocrx_word' id='word_1_82' title='bbox 1021 1935 1121 2003; x_wconf 69' lang='lat' dir='ltr'>petam</span> <span class='ocrx_word' id='word_1_83' title='bbox 1137 1910 1192 1975; x_wconf 81' lang='lat' dir='ltr'>lric</span> 
     </span>
     <span class='ocr_line' id='line_1_12' title="bbox 602 2026 892 2092; baseline 0.007 -3"><span class='ocrx_word' id='word_1_84' title='bbox 602 2051 672 2090; x_wconf 87' lang='lat' dir='ltr'>rem</span> <span class='ocrx_word' id='word_1_85' title='bbox 701 2026 892 2092; x_wconf 73' lang='lat' dir='ltr'>charmides</span> 
     </span>
     <span class='ocr_line' id='line_1_13' title="bbox 112 2137 1189 2235; baseline 0.005 -33"><span class='ocrx_word' id='word_1_86' title='bbox 112 2137 143 2224; x_wconf 84' lang='lat' dir='ltr'>(a</span> <span class='ocrx_word' id='word_1_87' title='bbox 171 2165 234 2229; x_wconf 84' lang='lat' dir='ltr'>qua</span> <span class='ocrx_word' id='word_1_88' title='bbox 260 2139 363 2204; x_wconf 84' lang='lat' dir='ltr'>sorma</span> <span class='ocrx_word' id='word_1_89' title='bbox 398 2165 437 2204; x_wconf 91' lang='lat' dir='ltr'>eo</span> <span class='ocrx_word' id='word_1_90' title='bbox 472 2157 593 2206; x_wconf 82' lang='lat' dir='ltr'>tuntum</span> <span class='ocrx_word' id='word_1_91' title='bbox 633 2144 736 2209; x_wconf 89' lang='lat' dir='ltr'>ceteri</span> <span class='ocrx_word' id='word_1_92' title='bbox 771 2142 848 2207; x_wconf 88' lang='lat' dir='ltr'>libri</span> <span class='ocrx_word' id='word_1_93' title='bbox 882 2141 1056 2221; x_wconf 82' lang='lat' dir='ltr'>differunt,</span> <span class='ocrx_word' id='word_1_94' title='bbox 1098 2142 1189 2235; x_wconf 92' lang='lat' dir='ltr'>quod</span> 
     </span>
     <span class='ocr_line' id='line_1_14' title="bbox 111 2255 1190 2349; baseline 0.005 -32"><span class='ocrx_word' id='word_1_95' title='bbox 111 2255 261 2344; x_wconf 90' lang='lat' dir='ltr'>priorem</span> <span class='ocrx_word' id='word_1_96' title='bbox 285 2280 416 2319; x_wconf 88' lang='lat' dir='ltr'>versum</span> <span class='ocrx_word' id='word_1_97' title='bbox 445 2282 461 2319; x_wconf 88' lang='lat' dir='ltr'>a</span> <span class='ocrx_word' id='word_1_98' title='bbox 491 2257 560 2347; x_wconf 82' lang='lat' dir='ltr'>Qui</span> <span class='ocrx_word' id='word_1_99' title='bbox 584 2262 619 2322; x_wconf 90' lang='lat' dir='ltr'>in</span> <span class='ocrx_word' id='word_1_100' title='bbox 636 2258 787 2349; x_wconf 80' lang='lat' dir='ltr'>plateam</span> <span class='ocrx_word' id='word_1_101' title='bbox 801 2257 987 2337; x_wconf 88' lang='lat' dir='ltr'>ordiuntur,</span> <span class='ocrx_word' id='word_1_102' title='bbox 1015 2277 1190 2349; x_wconf 80' lang='lat' dir='ltr'>praeterea</span> 
     </span>
     <span class='ocr_line' id='line_1_15' title="bbox 111 2371 1190 2464; baseline 0.006 -33"><span class='ocrx_word' id='word_1_103' title='bbox 111 2386 237 2434; x_wconf 85' lang='lat' dir='ltr'>ornatu</span> <span class='ocrx_word' id='word_1_104' title='bbox 269 2375 442 2461; x_wconf 78' lang='lat' dir='ltr'>specieque</span> <span class='ocrx_word' id='word_1_105' title='bbox 476 2389 509 2435; x_wconf 91' lang='lat' dir='ltr'>et</span> <span class='ocrx_word' id='word_1_106' title='bbox 540 2371 628 2447; x_wconf 81' lang='lat' dir='ltr'>Pol,</span> <span class='ocrx_word' id='word_1_107' title='bbox 664 2375 844 2464; x_wconf 86' lang='lat' dir='ltr'>Lipsiensis</span> <span class='ocrx_word' id='word_1_108' title='bbox 884 2393 992 2439; x_wconf 87' lang='lat' dir='ltr'>autem</span> <span class='ocrx_word' id='word_1_109' title='bbox 1028 2399 1101 2438; x_wconf 90' lang='lat' dir='ltr'>cum</span> <span class='ocrx_word' id='word_1_110' title='bbox 1138 2373 1190 2444; x_wconf 90' lang='lat' dir='ltr'>ed.</span> 
     </span>
     <span class='ocr_line' id='line_1_16' title="bbox 110 2485 1190 2580; baseline 0.006 -34"><span class='ocrx_word' id='word_1_111' title='bbox 110 2486 216 2573; x_wconf 90' lang='lat' dir='ltr'>princ.</span> <span class='ocrx_word' id='word_1_112' title='bbox 247 2487 281 2549; x_wconf 93' lang='lat' dir='ltr'>in</span> <span class='ocrx_word' id='word_1_113' title='bbox 315 2485 379 2551; x_wconf 86' lang='lat' dir='ltr'>fine</span> <span class='ocrx_word' id='word_1_114' title='bbox 414 2485 604 2577; x_wconf 83' lang='lat' dir='ltr'>op(p)eriar</span> <span class='ocrx_word' id='word_1_115' title='bbox 636 2512 735 2578; x_wconf 83' lang='lat' dir='ltr'>quum</span> <span class='ocrx_word' id='word_1_116' title='bbox 772 2489 827 2553; x_wconf 84' lang='lat' dir='ltr'>lzic</span> <span class='ocrx_word' id='word_1_117' title='bbox 858 2513 929 2553; x_wconf 84' lang='lat' dir='ltr'>rem</span> <span class='ocrx_word' id='word_1_118' title='bbox 962 2505 1065 2578; x_wconf 78' lang='lat' dir='ltr'>gerat</span> <span class='ocrx_word' id='word_1_119' title='bbox 1090 2514 1190 2580; x_wconf 84' lang='lat' dir='ltr'>prue-</span> 
     </span>
     <span class='ocr_line' id='line_1_17' title="bbox 109 2597 1189 2696; baseline 0.006 -34"><span class='ocrx_word' id='word_1_120' title='bbox 109 2597 221 2682; x_wconf 79' lang='lat' dir='ltr'>bentz)</span> <span class='ocrx_word' id='word_1_121' title='bbox 250 2598 328 2665; x_wconf 91' lang='lat' dir='ltr'>inde</span> <span class='ocrx_word' id='word_1_122' title='bbox 353 2627 370 2665; x_wconf 84' lang='lat' dir='ltr'>a</span> <span class='ocrx_word' id='word_1_123' title='bbox 395 2601 582 2667; x_wconf 81' lang='lat' dir='ltr'>Camerario</span> <span class='ocrx_word' id='word_1_124' title='bbox 608 2603 708 2668; x_wconf 87' lang='lat' dir='ltr'>simul</span> <span class='ocrx_word' id='word_1_125' title='bbox 723 2630 740 2668; x_wconf 87' lang='lat' dir='ltr'>a</span> <span class='ocrx_word' id='word_1_126' title='bbox 759 2607 873 2696; x_wconf 83' lang='lat' dir='ltr'>priore</span> <span class='ocrx_word' id='word_1_127' title='bbox 899 2628 999 2669; x_wconf 87' lang='lat' dir='ltr'>versu</span> <span class='ocrx_word' id='word_1_128' title='bbox 1025 2603 1189 2669; x_wconf 86' lang='lat' dir='ltr'>divulsum</span> 
     </span>
     <span class='ocr_line' id='line_1_18' title="bbox 111 2712 1189 2808; baseline 0.006 -31"><span class='ocrx_word' id='word_1_129' title='bbox 111 2712 228 2780; x_wconf 89' lang='lat' dir='ltr'>ultimo</span> <span class='ocrx_word' id='word_1_130' title='bbox 255 2716 519 2806; x_wconf 87' lang='lat' dir='ltr'>praemiserunt,</span> <span class='ocrx_word' id='word_1_131' title='bbox 556 2720 676 2808; x_wconf 84' lang='lat' dir='ltr'>nuperi</span> <span class='ocrx_word' id='word_1_132' title='bbox 711 2737 819 2785; x_wconf 86' lang='lat' dir='ltr'>eutem</span> <span class='ocrx_word' id='word_1_133' title='bbox 847 2718 995 2785; x_wconf 83' lang='lat' dir='ltr'>editores</span> <span class='ocrx_word' id='word_1_134' title='bbox 1023 2745 1097 2785; x_wconf 89' lang='lat' dir='ltr'>cum</span> <span class='ocrx_word' id='word_1_135' title='bbox 1123 2719 1189 2784; x_wconf 94' lang='lat' dir='ltr'>boc</span> 
     </span>
     <span class='ocr_line' id='line_1_19' title="bbox 112 2831 1190 2912; baseline 0.005 -19"><span class='ocrx_word' id='word_1_136' title='bbox 112 2831 208 2893; x_wconf 82' lang='lat' dir='ltr'>etiam</span> <span class='ocrx_word' id='word_1_137' title='bbox 236 2833 488 2896; x_wconf 85' lang='lat' dir='ltr'>constructionis</span> <span class='ocrx_word' id='word_1_138' title='bbox 505 2832 636 2899; x_wconf 89' lang='lat' dir='ltr'>vinculo</span> <span class='ocrx_word' id='word_1_139' title='bbox 661 2852 865 2900; x_wconf 88' lang='lat' dir='ltr'>nexuerunt:</span> <span class='ocrx_word' id='word_1_140' title='bbox 892 2851 982 2900; x_wconf 88' lang='lat' dir='ltr'>recte</span> <span class='ocrx_word' id='word_1_141' title='bbox 1000 2835 1190 2912; x_wconf 87' lang='lat' dir='ltr'>sentientes,</span> 
     </span>
     <span class='ocr_line' id='line_1_20' title="bbox 111 2948 1190 3041; baseline 0.006 -32"><span class='ocrx_word' id='word_1_142' title='bbox 111 2964 147 3011; x_wconf 92' lang='lat' dir='ltr'>ut</span> <span class='ocrx_word' id='word_1_143' title='bbox 172 2965 274 3036; x_wconf 90' lang='lat' dir='ltr'>puto,</span> <span class='ocrx_word' id='word_1_144' title='bbox 307 2948 422 3037; x_wconf 88' lang='lat' dir='ltr'>inepte</span> <span class='ocrx_word' id='word_1_145' title='bbox 450 2964 575 3012; x_wconf 82' lang='lat' dir='ltr'>ornatu</span> <span class='ocrx_word' id='word_1_146' title='bbox 603 2952 778 3041; x_wconf 83' lang='lat' dir='ltr'>specieque</span> <span class='ocrx_word' id='word_1_147' title='bbox 803 2952 955 3016; x_wconf 91' lang='lat' dir='ltr'>notiones</span> <span class='ocrx_word' id='word_1_148' title='bbox 981 2950 1081 3041; x_wconf 84' lang='lat' dir='ltr'>plane</span> <span class='ocrx_word' id='word_1_149' title='bbox 1108 2975 1190 3041; x_wconf 90' lang='lat' dir='ltr'>pro-</span> 
     </span>
     <span class='ocr_line' id='line_1_21' title="bbox 109 3062 1243 3157; baseline 0.004 -33"><span class='ocrx_word' id='word_1_150' title='bbox 109 3062 251 3152; x_wconf 80' lang='lat' dir='ltr'>pinquas</span> <span class='ocrx_word' id='word_1_151' title='bbox 282 3064 386 3129; x_wconf 82' lang='lat' dir='ltr'>sinrul</span> <span class='ocrx_word' id='word_1_152' title='bbox 417 3063 577 3154; x_wconf 84' lang='lat' dir='ltr'>particula</span> <span class='ocrx_word' id='word_1_153' title='bbox 609 3065 763 3155; x_wconf 85' lang='lat' dir='ltr'>coniungi</span> <span class='ocrx_word' id='word_1_154' title='bbox 797 3064 851 3131; x_wconf 85' lang='lat' dir='ltr'>vel</span> <span class='ocrx_word' id='word_1_155' title='bbox 885 3067 994 3157; x_wconf 89' lang='lat' dir='ltr'>potius</span> <span class='ocrx_word' id='word_1_156' title='bbox 1030 3065 1185 3156; x_wconf 76' lang='lat' dir='ltr'>disiungi.</span> <span class='ocrx_word' id='word_1_157' title='bbox 1239 3082 1243 3092; x_wconf 66' lang='lat'><strong>¹</strong></span> 
     </span>
     <span class='ocr_line' id='line_1_22' title="bbox 110 3177 1189 3271; baseline 0.005 -32"><span class='ocrx_word' id='word_1_158' title='bbox 110 3178 152 3239; x_wconf 89' lang='lat' dir='ltr'>Et</span> <span class='ocrx_word' id='word_1_159' title='bbox 176 3179 336 3267; x_wconf 90' lang='lat' dir='ltr'>pessimos</span> <span class='ocrx_word' id='word_1_160' title='bbox 364 3177 500 3269; x_wconf 88' lang='lat' dir='ltr'>quidem</span> <span class='ocrx_word' id='word_1_161' title='bbox 528 3204 640 3245; x_wconf 89' lang='lat' dir='ltr'>versus</span> <span class='ocrx_word' id='word_1_162' title='bbox 661 3180 795 3245; x_wconf 86' lang='lat' dir='ltr'>Botbius</span> <span class='ocrx_word' id='word_1_163' title='bbox 818 3205 891 3245; x_wconf 89' lang='lat' dir='ltr'>cnm</span> <span class='ocrx_word' id='word_1_164' title='bbox 906 3179 1093 3271; x_wconf 88' lang='lat' dir='ltr'>pedisequo</span> <span class='ocrx_word' id='word_1_165' title='bbox 1109 3181 1189 3244; x_wconf 83' lang='lat' dir='ltr'>Lin-</span> 
     </span>
     <span class='ocr_line' id='line_1_23' title="bbox 111 3290 1189 3387; baseline 0.006 -32"><span class='ocrx_word' id='word_1_166' title='bbox 111 3290 277 3358; x_wconf 84' lang='lat' dir='ltr'>demanno</span> <span class='ocrx_word' id='word_1_167' title='bbox 310 3296 486 3359; x_wconf 88' lang='lat' dir='ltr'>commenti</span> <span class='ocrx_word' id='word_1_168' title='bbox 517 3312 606 3360; x_wconf 89' lang='lat' dir='ltr'>sunt:</span> <span class='ocrx_word' id='word_1_169' title='bbox 637 3319 779 3387; x_wconf 89' lang='lat' dir='ltr'>quorum</span> <span class='ocrx_word' id='word_1_170' title='bbox 815 3295 873 3361; x_wconf 89' lang='lat' dir='ltr'>illc</span> <span class='ocrx_word' id='word_1_171' title='bbox 907 3319 1043 3387; x_wconf 87' lang='lat' dir='ltr'>prorsus</span> <span class='ocrx_word' id='word_1_172' title='bbox 1077 3296 1189 3361; x_wconf 80' lang='lat' dir='ltr'>vitiata</span> 
     </span>
     <span class='ocr_line' id='line_1_24' title="bbox 108 3400 1189 3502; baseline 0.004 -30"><span class='ocrx_word' id='word_1_173' title='bbox 108 3406 267 3499; x_wconf 83' lang='lat' dir='ltr'>prosodia</span> <span class='ocrx_word' id='word_1_174' title='bbox 298 3409 332 3471; x_wconf 94' lang='lat' dir='ltr'>in</span> <span class='ocrx_word' id='word_1_175' title='bbox 362 3400 479 3474; x_wconf 83' lang='lat' dir='ltr'>simitu</span> <span class='ocrx_word' id='word_1_176' title='bbox 511 3409 649 3474; x_wconf 82' lang='lat' dir='ltr'>formam</span> <span class='ocrx_word' id='word_1_177' title='bbox 683 3409 783 3474; x_wconf 78' lang='lat' dir='ltr'>sinrul</span> <span class='ocrx_word' id='word_1_178' title='bbox 811 3409 895 3475; x_wconf 93' lang='lat' dir='ltr'>illud</span> <span class='ocrx_word' id='word_1_179' title='bbox 932 3411 1081 3476; x_wconf 83' lang='lat' dir='ltr'>mutavit:</span> <span class='ocrx_word' id='word_1_180' title='bbox 1122 3434 1189 3502; x_wconf 91' lang='lat' dir='ltr'>quo</span> 
     </span>
     <span class='ocr_line' id='line_1_25' title="bbox 112 3502 1192 3617; baseline -0.001 -26"><span class='ocrx_word' id='word_1_181' title='bbox 112 3526 221 3615; x_wconf 89' lang='lat' dir='ltr'>potius</span> <span class='ocrx_word' id='word_1_182' title='bbox 248 3527 447 3617; x_wconf 81' lang='lat' dir='ltr'>transposito</span> <span class='ocrx_word' id='word_1_183' title='bbox 474 3525 562 3591; x_wconf 92' lang='lat' dir='ltr'>hunc</span> <span class='ocrx_word' id='word_1_184' title='bbox 579 3527 786 3591; x_wconf 86' lang='lat' dir='ltr'>Hermunnus</span> <span class='ocrx_word' id='word_1_185' title='bbox 810 3551 937 3593; x_wconf 86' lang='lat' dir='ltr'>vorsum</span> <span class='ocrx_word' id='word_1_186' title='bbox 958 3502 1192 3591; x_wconf 77' lang='lat' dir='ltr'>conformavit:</span> 
     </span>
     <span class='ocr_line' id='line_1_26' title="bbox 208 3636 1187 3733; baseline -0.003 -27"><span class='ocrx_word' id='word_1_187' title='bbox 208 3637 277 3706; x_wconf 85' lang='lat' dir='ltr'>Pdl</span> <span class='ocrx_word' id='word_1_188' title='bbox 299 3641 419 3715; x_wconf 88' lang='lat' dir='ltr'>simul,</span> <span class='ocrx_word' id='word_1_189' title='bbox 451 3639 646 3733; x_wconf 82' lang='lat' dir='ltr'>quenquu&#39;m</span> <span class='ocrx_word' id='word_1_190' title='bbox 670 3639 764 3706; x_wconf 85' lang='lat' dir='ltr'>domi</span> <span class='ocrx_word' id='word_1_191' title='bbox 788 3644 902 3733; x_wconf 85' lang='lat' dir='ltr'>cupio,</span> <span class='ocrx_word' id='word_1_192' title='bbox 938 3636 1096 3731; x_wconf 84' lang='lat' dir='ltr'>oppe&#39;rior</span> <span class='ocrx_word' id='word_1_193' title='bbox 1131 3657 1187 3704; x_wconf 82' lang='lat' dir='ltr'>ta-</span> 
     </span>
     <span class='ocr_line' id='line_1_27' title="bbox 599 3753 1117 3844; baseline -0.008 -23"><span class='ocrx_word' id='word_1_194' title='bbox 599 3780 687 3834; x_wconf 89' lang='lat' dir='ltr'>men,</span> <span class='ocrx_word' id='word_1_195' title='bbox 710 3756 765 3821; x_wconf 85' lang='lat' dir='ltr'>ln&#39;c</span> <span class='ocrx_word' id='word_1_196' title='bbox 786 3753 887 3844; x_wconf 72' lang='lat' dir='ltr'>purim</span> <span class='ocrx_word' id='word_1_197' title='bbox 907 3770 1012 3843; x_wconf 78' lang='lat' dir='ltr'>gerat</span> <span class='ocrx_word' id='word_1_198' title='bbox 1037 3777 1117 3818; x_wconf 90' lang='lat' dir='ltr'>rem.</span> 
     </span>
     <span class='ocr_line' id='line_1_28' title="bbox 111 3867 1188 3965; baseline 0 -31"><span class='ocrx_word' id='word_1_199' title='bbox 111 3871 203 3935; x_wconf 88' lang='lat' dir='ltr'>Bene</span> <span class='ocrx_word' id='word_1_200' title='bbox 229 3870 374 3950; x_wconf 84' lang='lat' dir='ltr'>sactum,</span> <span class='ocrx_word' id='word_1_201' title='bbox 410 3870 501 3965; x_wconf 91' lang='lat' dir='ltr'>quod</span> <span class='ocrx_word' id='word_1_202' title='bbox 532 3871 626 3936; x_wconf 87' lang='lat' dir='ltr'>domi</span> <span class='ocrx_word' id='word_1_203' title='bbox 650 3871 806 3962; x_wconf 81' lang='lat' dir='ltr'>probavit</span> <span class='ocrx_word' id='word_1_204' title='bbox 830 3870 952 3934; x_wconf 75' lang='lat' dir='ltr'>Donati</span> <span class='ocrx_word' id='word_1_205' title='bbox 978 3870 1010 3932; x_wconf 90' lang='lat' dir='ltr'>in</span> <span class='ocrx_word' id='word_1_206' title='bbox 1039 3867 1188 3934; x_wconf 85' lang='lat' dir='ltr'>Eunuch.</span> 
     </span>
     <span class='ocr_line' id='line_1_29' title="bbox 112 3981 1189 4074; baseline -0.002 -24"><span class='ocrx_word' id='word_1_207' title='bbox 112 3987 168 4062; x_wconf 88' lang='lat' dir='ltr'>IV,</span> <span class='ocrx_word' id='word_1_208' title='bbox 197 3988 231 4058; x_wconf 84' lang='lat'>7,</span> <span class='ocrx_word' id='word_1_209' title='bbox 253 3982 300 4052; x_wconf 77' lang='grc'>44</span> <span class='ocrx_word' id='word_1_210' title='bbox 323 3989 508 4053; x_wconf 87' lang='lat' dir='ltr'>testimonio</span> <span class='ocrx_word' id='word_1_211' title='bbox 535 4003 718 4067; x_wconf 68' lang='lat' dir='ltr'>servatum,</span> <span class='ocrx_word' id='word_1_212' title='bbox 742 3983 784 4049; x_wconf 89' lang='lat' dir='ltr'>de</span> <span class='ocrx_word' id='word_1_213' title='bbox 811 3982 931 4074; x_wconf 81' lang='lat' dir='ltr'>elapsis</span> <span class='ocrx_word' id='word_1_214' title='bbox 957 3987 1107 4048; x_wconf 85' lang='lat' dir='ltr'>animum</span> <span class='ocrx_word' id='word_1_215' title='bbox 1125 3981 1189 4048; x_wconf 81' lang='lat' dir='ltr'>ad·</span> 
     </span>
     <span class='ocr_line' id='line_1_30' title="bbox 112 4096 1188 4194; baseline -0.002 -28"><span class='ocrx_word' id='word_1_216' title='bbox 112 4117 243 4166; x_wconf 80' lang='lat' dir='ltr'>vortam</span> <span class='ocrx_word' id='word_1_217' title='bbox 270 4125 336 4166; x_wconf 91' lang='lat' dir='ltr'>non</span> <span class='ocrx_word' id='word_1_218' title='bbox 360 4105 468 4192; x_wconf 88' lang='lat' dir='ltr'>potuit</span> <span class='ocrx_word' id='word_1_219' title='bbox 492 4103 671 4194; x_wconf 70' lang='lat' dir='ltr'>suspicari,</span> <span class='ocrx_word' id='word_1_220' title='bbox 702 4098 763 4165; x_wconf 91' lang='lat' dir='ltr'>sed</span> <span class='ocrx_word' id='word_1_221' title='bbox 789 4098 890 4163; x_wconf 82' lang='lat' dir='ltr'>siniul</span> <span class='ocrx_word' id='word_1_222' title='bbox 911 4096 1108 4164; x_wconf 79' lang='lat' dir='ltr'>adverbium</span> <span class='ocrx_word' id='word_1_223' title='bbox 1137 4102 1188 4167; x_wconf 91' lang='lat' dir='ltr'>cui</span> 
     </span>
     <span class='ocr_line' id='line_1_31' title="bbox 110 4213 1189 4308; baseline 0 -26"><span class='ocrx_word' id='word_1_224' title='bbox 110 4217 238 4282; x_wconf 88' lang='lat' dir='ltr'>notioni</span> <span class='ocrx_word' id='word_1_225' title='bbox 262 4214 449 4296; x_wconf 85' lang='lat' dir='ltr'>rettulerit,</span> <span class='ocrx_word' id='word_1_226' title='bbox 483 4242 599 4308; x_wconf 79' lang='lat' dir='ltr'>parum</span> <span class='ocrx_word' id='word_1_227' title='bbox 626 4215 740 4307; x_wconf 69' lang='lat' dir='ltr'>liques</span> <span class='ocrx_word' id='word_1_228' title='bbox 792 4213 928 4280; x_wconf 88' lang='lat' dir='ltr'>Simul</span> <span class='ocrx_word' id='word_1_229' title='bbox 963 4233 1102 4306; x_wconf 91' lang='lat' dir='ltr'>possunt</span> <span class='ocrx_word' id='word_1_230' title='bbox 1138 4214 1189 4282; x_wconf 85' lang='lat' dir='ltr'>rel</span> 
     </span>
     <span class='ocr_line' id='line_1_32' title="bbox 110 4329 1192 4425; baseline 0.003 -29"><span class='ocrx_word' id='word_1_231' title='bbox 110 4333 310 4424; x_wconf 84' lang='lat' dir='ltr'>peregrinus</span> <span class='ocrx_word' id='word_1_232' title='bbox 336 4333 467 4425; x_wconf 85' lang='lat' dir='ltr'>ingredi</span> <span class='ocrx_word' id='word_1_233' title='bbox 496 4352 527 4398; x_wconf 93' lang='lat' dir='ltr'>et</span> <span class='ocrx_word' id='word_1_234' title='bbox 546 4331 677 4425; x_wconf 83' lang='lat' dir='ltr'>ingredi</span> <span class='ocrx_word' id='word_1_235' title='bbox 691 4331 890 4398; x_wconf 85' lang='lat' dir='ltr'>Charmides</span> <span class='ocrx_word' id='word_1_236' title='bbox 912 4330 991 4411; x_wconf 91' lang='lat' dir='ltr'>dici,</span> <span class='ocrx_word' id='word_1_237' title='bbox 1020 4329 1070 4397; x_wconf 87' lang='lat' dir='ltr'>vel</span> <span class='ocrx_word' id='word_1_238' title='bbox 1100 4352 1192 4399; x_wconf 89' lang='lat' dir='ltr'>uter·</span> 
     </span>
     <span class='ocr_line' id='line_1_33' title="bbox 112 4447 1191 4541; baseline 0.001 -28"><span class='ocrx_word' id='word_1_239' title='bbox 112 4471 177 4538; x_wconf 90' lang='lat' dir='ltr'>que</span> <span class='ocrx_word' id='word_1_240' title='bbox 204 4447 373 4539; x_wconf 88' lang='lat' dir='ltr'>opperiri,</span> <span class='ocrx_word' id='word_1_241' title='bbox 409 4448 460 4514; x_wconf 86' lang='lat' dir='ltr'>vel</span> <span class='ocrx_word' id='word_1_242' title='bbox 490 4473 571 4514; x_wconf 89' lang='lat' dir='ltr'>unus</span> <span class='ocrx_word' id='word_1_243' title='bbox 602 4451 669 4514; x_wconf 89' lang='lat' dir='ltr'>sive</span> <span class='ocrx_word' id='word_1_244' title='bbox 701 4472 804 4515; x_wconf 83' lang='lat' dir='ltr'>senex</span> <span class='ocrx_word' id='word_1_245' title='bbox 836 4450 903 4513; x_wconf 86' lang='lat' dir='ltr'>sire</span> <span class='ocrx_word' id='word_1_246' title='bbox 934 4449 1132 4541; x_wconf 80' lang='lat' dir='ltr'>peregrinus</span> <span class='ocrx_word' id='word_1_247' title='bbox 1159 4465 1191 4514; x_wconf 87' lang='lat' dir='ltr'>et</span> 
     </span>
     <span class='ocr_line' id='line_1_34' title="bbox 111 4561 1188 4655; baseline 0.004 -29"><span class='ocrx_word' id='word_1_248' title='bbox 111 4561 242 4655; x_wconf 82' lang='lat' dir='ltr'>ingredi</span> <span class='ocrx_word' id='word_1_249' title='bbox 266 4582 300 4628; x_wconf 84' lang='lat' dir='ltr'>et</span> <span class='ocrx_word' id='word_1_250' title='bbox 324 4562 415 4628; x_wconf 84' lang='lat' dir='ltr'>uliud</span> <span class='ocrx_word' id='word_1_251' title='bbox 441 4562 521 4655; x_wconf 88' lang='lat' dir='ltr'>quid</span> <span class='ocrx_word' id='word_1_252' title='bbox 553 4563 680 4629; x_wconf 80' lang='lat' dir='ltr'>secere:</span> <span class='ocrx_word' id='word_1_253' title='bbox 716 4585 782 4631; x_wconf 90' lang='lat' dir='ltr'>non</span> <span class='ocrx_word' id='word_1_254' title='bbox 813 4581 953 4655; x_wconf 85' lang='lat' dir='ltr'>possunt</span> <span class='ocrx_word' id='word_1_255' title='bbox 977 4563 1073 4629; x_wconf 87' lang='lat' dir='ltr'>simul</span> <span class='ocrx_word' id='word_1_256' title='bbox 1103 4563 1188 4630; x_wconf 77' lang='lat' dir='ltr'>alter</span> 
     </span>
    </p>
   </div>
   <div class='ocr_carea' id='block_1_3' title="bbox 112 4661 1190 4772">
    <p class='ocr_par' dir='ltr' id='par_1_4' title="bbox 112 4661 1190 4772">
     <span class='ocr_line' id='line_1_35' title="bbox 112 4661 1190 4772; baseline 0 -26"><span class='ocrx_word' id='word_1_257' title='bbox 112 4677 253 4772; x_wconf 86' lang='lat' dir='ltr'>ingredi,</span> <span class='ocrx_word' id='word_1_258' title='bbox 279 4661 442 4771; x_wconf 75' lang='lat' dir='ltr'>opperiri</span> <span class='ocrx_word' id='word_1_259' title='bbox 457 4677 542 4745; x_wconf 82' lang='lat' dir='ltr'>ulter</span> <span class='ocrx_word' id='word_1_260' title='bbox 568 4677 644 4758; x_wconf 89' lang='lat' dir='ltr'>dici,</span> <span class='ocrx_word' id='word_1_261' title='bbox 670 4681 695 4746; x_wconf 88' lang='lat' dir='ltr'>si</span> <span class='ocrx_word' id='word_1_262' title='bbox 722 4677 930 4747; x_wconf 74' lang='lat' dir='ltr'>commodam</span> <span class='ocrx_word' id='word_1_263' title='bbox 956 4677 1106 4747; x_wconf 85' lang='lat' dir='ltr'>volumus</span> <span class='ocrx_word' id='word_1_264' title='bbox 1132 4700 1190 4746; x_wconf 90' lang='lat' dir='ltr'>co·</span> 
     </span>
    </p>
   </div>
   <div class='ocr_carea' id='block_1_4' title="bbox 0 0 1414 5332">
    <p class='ocr_par' dir='ltr' id='par_1_5' title="bbox 0 0 1414 5332">
     <span class='ocr_line' id='line_1_36' title="bbox 0 0 1414 5332; baseline 0 0"><span class='ocrx_word' id='word_1_265' title='bbox 0 0 1414 5332; x_wconf 95' lang='lat' dir='ltr'> </span> 
     </span>
    </p>
   </div>
  </div>
 </body>
</html>
