2820 5332
720 446 727 470 Ι

236 695 307 768 386
619 715 664 760 tt.
686 696 733 759 'ns
759 713 934 760 catastam

236 894 325 974 beat,
350 917 436 986 quae
459 917 480 958 e
502 889 673 956 veteribus
698 888 942 957 commentariis
966 904 1097 979 sumpta
1118 885 1323 955 mniaotmm

239 1011 327 1078 Diss.
351 1008 426 1087 vlt,
447 1008 467 1094 s
494 1009 527 1086 7,
554 1005 636 1072 baec
663 1003 738 1072 dico
762 1029 794 1096 p.
825 1003 907 1084 18⁴,
931 1007 970 1073 7:
1000 999 1144 1070 Plaatua
1168 1007 1206 1069 t’rt
1229 998 1323 1070 'liac-

241 1122 411 1191 claidibus:
447 1119 581 1212 Edepol
611 1143 656 1185 ne
675 1136 712 1185 tu
738 1119 872 1186 illorum
892 1142 1004 1184 mores
1027 1140 1192 1211 perquem
1215 1119 1324 1186 morli.

239 1256 312 1306 tate
335 1255 442 1305 tenes.
493 1237 548 1306 Ire
569 1234 821 1329 quibusdem
851 1234 1203 1320 conferentem
1239 1258 1323 1303 ooo-

234 1379 383 1450 sequens
419 1354 519 1421 etiam
549 1351 613 1418 hoe
635 1353 695 1429 sit,
730 1373 798 1417 uon
823 1349 925 1417 solius
949 1349 1202 1442 Amphitruonis
1228 1375 1323 1421 com·

234 1469 413 1539 mentsrios
426 1466 643 1535 Sisenaimos
667 1462 757 1531 iilius
780 1466 816 1530 ia
836 1464 988 1530 manibus
1011 1463 1125 1532 faisse.

721 1711 746 1798 Ις
773 1715 829 1779 rt.

333 1905 481 1972 Noverat
498 1920 608 1968 autem
627 1892 696 1968 sire
714 1900 876 1968 Sisennae
899 1903 969 1967 sive
984 1899 1100 1970 Scauri
1112 1903 1182 1969 siae
1197 1903 1318 1971 attius-

237 2044 302 2112 que
341 2018 593 2083 commentarios
630 2041 694 2082 uuo
719 2034 793 2082 ante
818 2016 973 2082 Rufinum
998 2015 1142 2097 saeculo,
1165 2016 1319 2110 complu·

234 2134 327 2199 ribus
354 2149 431 2225 post
454 2132 637 2199 Romanum
661 2129 718 2216 (ci.
733 2130 849 2197 Osann
860 2129 976 2224 Symb.
994 2127 1142 2214 IL330),
1165 2134 1263 2198 etiam
1275 2134 1317 2199 D.

232 2250 470 2340 Hieronymus,
496 2247 588 2314 cuius
614 2271 681 2314 non
709 2245 826 2315 dubito
849 2247 930 2340 quin
956 2245 1000 2314 ad
1015 2245 1092 2314 illos
1110 2247 1319 2340 potissimum

231 2365 314 2433 baec
339 2363 443 2430 verba
468 2379 623 2455 spectent
645 2361 744 2454 Apol.
768 2361 841 2430 adv.
864 2362 971 2430 Rufio.
996 2364 1021 2444 1,
1045 2388 1079 2456 p.
1097 2361 1167 2433 367
1189 2363 1253 2432 rol.
1269 2365 1319 2430 IV

233 2477 287 2546 ed.
313 2480 483 2547 Martiam:
525 2480 616 2546 Puto
640 2477 733 2572 quod
752 2504 840 2572 puer
859 2480 985 2571 legeris
1008 2479 1114 2573 Aspri
1137 2484 1175 2545 in
1200 2481 1319 2570 Virgi-

234 2596 315 2660 lium
336 2611 370 2660 et
396 2593 582 2662 Salustium
611 2599 884 2670 commentarios,
911 2595 1062 2665 Vulcatii
1084 2599 1122 2661 in
1139 2599 1315 2662 orationes

236 2712 412 2779 Ciceronis
435 2707 479 2794 ⁴¹),
503 2712 676 2779 Victorini
700 2715 736 2776 in
761 2710 920 2801 dialogos
944 2714 1030 2787 eius,
1054 2727 1089 2776 et
1109 2715 1147 2778 in
1163 2712 1318 2778 Terentii

234 2827 426 2895 comoedias
444 2831 678 2920 praeceptoris
696 2831 763 2892 mei
775 2829 921 2903 Donati,
945 2850 1052 2921 aeque
1067 2831 1104 2892 irs
1120 2827 1317 2917 Virgilium,

236 2961 270 3010 et
302 2944 495 3009 aliorum
532 2947 578 3007 in
611 2943 748 3018 alios,
779 2943 989 3009 Plautum
1029 2940 1207 3017 videlicet,
1248 2943 1319 3008 Lu-

236 3062 396 3133 cretium,
438 3058 619 3133 Flaccum,
651 3059 807 3125 Persium
831 3074 934 3151 atque
962 3052 1157 3124 Lucanum
1171 3089 1214 3104 ··
1248 3059 1320 3124 Ho-

237 3173 293 3244 die
326 3198 404 3241 vero
437 3174 565 3240 tametsi
599 3198 667 3242 non
706 3191 830 3240 tantum
866 3172 1015 3264 singulae
1050 3175 1231 3242 verborum
1268 3175 1321 3238 in-

237 3290 513 3384 terpretationes,
558 3287 621 3355 scd
660 3291 759 3355 etiam
803 3291 950 3385 continui
988 3290 1190 3383 integrarum
1227 3288 1322 3355 iabu-

237 3405 344 3473 larum
379 3404 630 3486 commentarii,
663 3421 835 3497 praeterea
869 3405 944 3470 satis
979 3403 1197 3472 memorabile
1231 3402 1321 3499 glos·

239 3521 361 3585 sarium
395 3517 566 3611 quoddam
599 3520 633 3584 iu
671 3520 771 3585 certis
805 3518 976 3586 codicibus
1002 3519 1159 3587 Plautinis
1186 3536 1322 3596 exstant,

241 3649 275 3699 et
299 3635 334 3698 io
360 3633 411 3699 his
434 3633 598 3726 quaedam
631 3658 672 3700 ex
705 3634 847 3726 antiquis
882 3660 960 3702 saue
986 3634 1130 3702 fontibus
1170 3633 1244 3722 (sed
1281 3613 1348 3698 iis'

240 3774 329 3815 nunc
355 3746 489 3841 pridem
515 3744 626 3829 editis)
661 3749 792 3826 hausta,
823 3765 935 3816 tamen
970 3748 1220 3817 scholiastis
1247 3749 1323 3840 qui·

242 3861 321 3930 dem
338 3864 494 3930 Plautinis
513 3865 680 3931 veteribus
695 3865 813 3930 horum
829 3867 973 3931 omnium
989 3863 1071 3932 uihil
1091 3865 1236 3932 debetur
1253 3857 1321 3952 **):

242 3981 343 4046 immo
378 3979 429 4047 uel
457 3979 538 4060 XV,
571 3978 624 4046 vel
665 3979 762 4045 etiam
793 3982 962 4072 prioribus
995 3980 1132 4048 saeculis
1163 4007 1180 4046 a
1216 3978 1322 4046 doctis

242 4096 425 4162 indoctisre
456 4095 646 4161 hominibus
678 4111 734 4160 aut
767 4097 946 4188 excogitata
978 4114 1074 4163 aute
1102 4096 1323 4190 grammaticis

242 4211 381 4304 aliisque
427 4210 629 4302 antiquitatis
666 4210 886 4304 scriptoribus
922 4235 1053 4279 corrasa
1094 4229 1170 4278 sunt
1202 4211 1322 4277 omnia.

244 4329 317 4410 Quo
344 4327 494 4419 pertinet
519 4327 614 4390 etiam
641 4323 747 4407 illud,
774 4325 865 4418 quod
889 4352 906 4393 e
928 4327 1140 4412 Florentino,
1173 4327 1237 4395 nisi
1260 4324 1324 4393 fal-

216 4650 222 4656 „
293 4611 322 4679 θ)
342 4611 407 4664 vius
422 4627 501 4679 septe
520 4627 547 4679 p·
566 4611 628 4665 24¹·

273 4698 320 4770 st)
347 4698 387 4752 ct
407 4707 493 4753 tameo
512 4698 581 4754 Dias.
600 4697 655 4767 Vll,
678 4705 696 4772 i
717 4701 742 4755 ⁷·
