2820 5332
433 675 596 719 saturnus
624 673 818 733 excurrare.
942 688 945 693 ·
1095 638 1168 719 539

88 872 247 938 negamus
273 845 337 912 alio
361 843 520 912 additicic
554 844 622 910 ullo
656 842 888 934 interpolatam
922 867 1006 913 esse.
1060 842 1166 911 Nimis

44 1013 49 1024 .
91 967 180 1030 enim
205 961 382 1030 ridiculum
408 961 517 1028 dicam
543 985 585 1025 an
609 959 834 1027 execrabilem
853 985 887 1026 se
909 963 1082 1052 praestitit,
1109 965 1167 1054 qui

91 1081 221 1145 recenti
246 1079 404 1145 memoria
440 1102 515 1143 cum
548 1075 767 1168 negligentius
801 1073 1023 1170 licentiusque
1049 1080 1167 1144 lectam

93 1217 226 1259 omnem
241 1195 472 1259 Trinummnm
500 1194 651 1285 opinatus
678 1210 736 1270 est,
763 1190 847 1258 adeo
875 1211 909 1259 ut
935 1192 1081 1284 paullum
1110 1195 1169 1259 ab·

75 1310 136 1375 sit
160 1310 238 1401 quin
266 1335 335 1376 eam
359 1308 503 1374 fabulam
529 1307 678 1375 aPlacto
705 1331 841 1400 prorsus
864 1307 1071 1388 adiudicarit,
1098 1326 1168 1375 tum

91 1424 384 1515 interpolationum
411 1424 532 1490 iactam
559 1425 622 1491 sibi
657 1423 744 1488 visus
772 1440 822 1488 est
847 1421 1170 1492 multitudinem-tn·

91 1540 262 1631 vestigare,
288 1557 324 1604 ut
342 1537 486 1632 singulos
511 1563 626 1606 versus
654 1538 986 1631 quinquaginta,
1012 1537 1169 1605 undecim

92 1653 225 1719 fabulae
251 1653 334 1720 locis
369 1653 583 1747 dispertitos,
622 1652 673 1720 vel
699 1650 872 1719 secluserit
897 1680 914 1718 e
940 1655 1091 1745 genuinis
1117 1653 1170 1720 vel

93 1787 185 1835 certe
210 1770 245 1834 in
272 1770 496 1861 suspicionem
522 1770 665 1849 vocarit,
702 1770 792 1834 inter
822 1792 947 1861 eosque
972 1795 1073 1835 unum
1098 1788 1170 1836 tau-

93 1901 162 1949 tum
189 1907 320 1962 eorum,
348 1883 391 1950 de
416 1886 537 1976 quibus
560 1906 620 1950 nos
649 1879 893 1977 egimus.(lV):
919 1909 995 1948 nam
1022 1884 1064 1950 de
1090 1883 1171 1950 reli·

95 1998 168 2088 quis
201 1997 285 2063 nibil
318 1995 538 2090 εὐρινοτάτῳ
571 1999 686 2065 critico
721 1996 875 2064 suboluit.
939 1999 990 2063 En
1023 1995 1170 2065 indicem

93 2114 325 2179 innocentium
352 2114 607 2192 versiculorum,
636 2116 672 2179 in
703 2137 786 2206 quos
822 2131 886 2183 tam
920 2113 1013 2180 fortis
1048 2115 1171 2180 exstitit

92 2227 252 2319 insipiens
278 2227 333 2294 ille
365 2225 486 2322 (κάρτ’
510 2221 556 2297 civ
581 2224 776 2318 ἐπώνυμος)
806 2227 1021 2298 laudatissimi
1049 2227 1172 2322 Σοφο-
1251 2265 1257 2281 1

92 2338 353 2433 κλεομάστιγος
380 2344 504 2436 Heiglii
529 2344 731 2411 aemulator:
755 2345 779 2420 i,
807 2347 838 2422 2,
864 2340 896 2415 4.
926 2345 1074 2417 13-28.
1101 2342 1170 2414 169

91 2463 230 2526 -172
264 2459 306 2538 ll,
331 2467 361 2538 l,
384 2458 418 2528 9.
446 2462 502 2529 28.
537 2461 579 2541 ll,
604 2457 637 2544 4,
664 2465 716 2527 ll.
750 2459 1047 2538 111,3,‘28-33.
1074 2460 1171 2529 67-

94 2573 152 2649 69.
186 2575 244 2655 IV,
273 2582 303 2654 l,
334 2577 486 2643 10-20.
525 2575 584 2654 IV,
607 2570 641 2656 4,
670 2577 822 2644 18-2‘2.
872 2577 915 2645 Et
942 2600 1071 2681 caussas
1097 2575 1172 2667 qui-

95 2689 172 2756 dem
200 2693 268 2757 eius
295 2694 486 2758 temeritatis
511 2689 606 2756 illum
631 2709 686 2756 aut
709 2690 888 2756 levissimas
915 2707 948 2781 et
960 2714 1068 2782 prope
1087 2715 1170 2782 pue·

94 2804 172 2876 riles
200 2824 255 2871 aut
280 2808 543 2900 perversissimas
562 2823 616 2874 aut
630 2831 767 2899 prorsus
787 2805 895 2897 nullas
916 2824 1055 2901 praeter
1077 2829 1172 2871 suum

94 2920 249 2986 nimirum
281 2947 413 2991 sensum
452 2920 621 3019 quendam
652 2922 809 2987 habuisse
844 2921 947 2986 facilis
980 2945 1042 2987 nee
1073 2919 1172 2985 fallax

94 3037 284 3105 coniectura
307 3055 363 3102 est
416 3035 515 3125 Quod
544 3039 630 3104 enim
657 3035 897 3138 plurimorum,
937 3039 970 3104 in
997 3061 1081 3135 quos
1107 3054 1172 3109 tam

94 3150 248 3216 effrenata
275 3151 438 3243 cupiditas
460 3154 592 3232 saeviit,
623 3176 779 3222 versuum
805 3150 989 3222 'eommunis
1017 3150 1171 3221 condicio
1273 3215 1277 3233 ,

94 3265 181 3331 haec
207 3284 277 3346 est,
311 3265 402 3361 quod
438 3269 489 3333 iis
525 3293 685 3339 carere
719 3268 790 3334 sine
818 3266 999 3333 offensione
1024 3265 1077 3340 uel
1101 3267 1173 3332 sine

95 3383 248 3472 graviore
285 3381 500 3449 incommodo
539 3407 790 3476 possumus,
830 3408 868 3451 ea
904 3383 1058 3478 prolecto
1100 3379 1174 3454 talis

96 3496 339 3567 commendatio
366 3516 434 3579 est,
459 3516 495 3567 ut
519 3502 645 3567 maiore
673 3501 769 3566 etiam
795 3498 894 3567 laude
920 3500 1037 3592 dignus
1062 3497 1175 3567 ridea-

95 3633 165 3694 tur,
205 3617 263 3707 qni
295 3639 366 3679 raon
401 3620 601 3682 necessariis
633 3614 760 3687 scilicet
793 3616 932 3686 extrusis
961 3615 1121 3685 omnibus
1141 3617 1176 3679 in

92 3730 257 3798 breviculi
283 3733 469 3825 argumenti
505 3730 685 3801 exilitatem
717 3733 882 3825 integram
915 3728 1059 3798 saboiam
1085 3725 1176 3796 redi-

95 3871 175 3939 gere
204 3849 349 3914 animum
376 3847 552 3914 induxerit.
616 3849 709 3931 Quae
738 3872 811 3913 cum
834 3848 877 3912 ite
904 3846 985 3925 sint,
1018 3845 1176 3937 quoniam

93 3979 140 4032 tot
172 3986 293 4052 pravae
318 3963 548 4059 eiusdemque
578 3963 714 4055 ignavae
752 3959 903 4026 libidinis
936 3958 1175 4053 speciminibus

95 4078 285 4169 singillatim
319 4077 520 4172 exagitandis
547 4101 669 4172 operae
701 4077 845 4168 pretium
880 4075 952 4141 lieri
985 4098 1053 4142 non
1081 4091 1178 4169 puta-

92 4219 175 4274 mus,
201 4191 332 4259 delecta
357 4219 397 4259 ex
416 4192 471 4260 ille
494 4217 650 4259 versuum
667 4189 878 4256 multitudine
899 4189 1050 4282 exempla
1073 4213 1175 4281 quae·
1241 4238 1244 4243 Δ

93 4307 169 4374 dam
195 4310 375 4400 insigniora
400 4308 455 4376 hic
484 4309 713 4405 tracpabimns,
756 4331 824 4374 non
853 4331 919 4400 quc
949 4302 1173 4375 defendamus

92 4450 177 4516 quae
206 4423 280 4491 telis
305 4423 536 4491 infirmissimis
560 4425 663 4514 petita
685 4445 752 4489 non
769 4441 869 4516 egent
889 4421 1092 4500 defensione,
1114 4417 1176 4518 sed

89 4560 124 4605 ut
149 4540 220 4606 aliis
248 4538 511 4607 dubitationibus
548 4539 690 4604 obnoxia
723 4541 844 4630 partim
871 4534 1087 4604 emendando
1116 4558 1174 4600 ex-

89 4656 396 4754 poliamuspartirn
420 4653 673 4745 interpretando
702 4653 931 4747 explanemus.
978 4652 1065 4719 Nam
1091 4651 1174 4718 haec
