2820 5332
211 688 283 770 380
600 723 642 763 vr.
662 723 711 764 os
736 721 911 767 verearavs

211 919 291 963 meu
325 895 389 962 hoe
421 896 532 988 ipsum
574 915 615 958 co
641 916 721 958 sane
748 916 809 959 nos
835 890 937 971 ducit,
965 907 1001 956 ut
1021 906 1078 956 ant
1102 887 1145 957 de
1171 908 1263 959 actus
1290 891 1308 956 I

211 1012 318 1078 tribus
345 1011 451 1078 scenis
475 1006 601 1074 ultimis
624 1023 680 1072 aut
705 1006 749 1073 dc
774 1007 878 1086 111,3
904 1006 1103 1099 cogitemus,
1139 1031 1225 1098 quac
1251 1032 1307 1076 so-

210 1123 315 1190 larum
352 1125 418 1191 sint
450 1121 637 1190 mulierum.
688 1123 726 1188 ln
760 1123 881 1215 quibus
914 1138 1070 1214 quattuor
1092 1123 1199 1187 scenis
1227 1145 1304 1189 cnm

211 1264 328 1332 magna
354 1242 397 1305 sit
421 1241 558 1306 varietas
587 1262 816 1318 numerorum,
843 1254 953 1303 tamen
979 1262 1080 1303 uuum
1104 1253 1226 1302 tantum
1254 1256 1306 1311 est

210 1379 316 1448 genus
333 1353 517 1448 quoddam,
545 1351 638 1445 quod
662 1351 780 1420 redeat
796 1354 831 1418 iu
854 1353 1025 1419 omnibns:
1050 1350 1143 1444 qnod
1161 1369 1211 1417 est
1228 1378 1305 1420 cre·

214 1471 328 1537 ticum.
378 1471 425 1536 Vt
451 1495 491 1535 ex
518 1469 569 1536 his
598 1486 754 1560 quattuor
778 1470 876 1535 unius
901 1466 1032 1534 fabulae
1058 1466 1218 1559 exemplis
1241 1493 1306 1561 po-

210 1586 275 1652 tius
310 1611 410 1679 quam
447 1610 488 1651 ex
521 1585 672 1650 universa
711 1585 807 1674 poesi
838 1583 987 1650 Plautina
1022 1581 1105 1647 illud
1130 1583 1303 1677 collegisse

209 1701 351 1783 Sisenna
386 1699 558 1778 videatur,
594 1697 687 1792 quod
723 1697 765 1764 de
793 1697 972 1766 mulierum
999 1699 1149 1765 oratione
1179 1717 1299 1765 narrat

207 1815 359 1884 Habilins
398 1835 507 1883 autem
544 1816 703 1883 creticum
743 1839 846 1907 genus
872 1814 958 1881 dixit
983 1838 1058 1879 cum
1080 1815 1120 1880 iis
1145 1815 1298 1881 versibus

207 1949 444 2023 comparatum,
469 1954 552 2024 qnos
574 1928 659 1995 illud
682 1931 821 2021 excepit.
848 1931 886 1995 Ei
913 1930 946 1993 in
966 1928 1025 2026 Ill,
1052 1931 1073 1996 3
1100 1926 1183 1993 nulli
1210 1947 1298 2010 aunt,

206 2045 378 2113 bacchiaci
407 2046 446 2111 in
472 2046 498 2124 l,
524 2047 566 2123 5,
601 2069 745 2136 quorum
771 2068 839 2111 non
863 2060 913 2111 cst
938 2045 1044 2110 maior
1067 2068 1169 2135 quam
1197 2045 1299 2111 creti·

207 2179 324 2229 corum
357 2160 541 2230 difficultas.
593 2158 661 2226 Sed
691 2163 726 2224 in
759 2159 902 2252 reliquis
938 2158 1067 2228 duabus
1104 2162 1213 2226 scenis
1238 2161 1297 2254 qni

206 2274 434 2366 praecedunt,
468 2276 492 2339 ii
517 2300 616 2368 quam
642 2277 708 2341 sint
731 2299 799 2342 non
827 2274 985 2368 expediti,
1022 2276 1075 2344 vel
1104 2304 1145 2345 ex
1171 2301 1211 2344 eo
1236 2300 1295 2343 co·

207 2391 386 2483 gnoscitnr,
409 2388 513 2484 quod,
540 2414 623 2483 qnos
649 2391 684 2456 in
707 2391 733 2470 1,
758 2387 782 2458 4
804 2393 935 2457 Reizius
964 2395 1076 2484 posuit
1098 2391 1296 2469 mochaicos,

205 2508 435 2598 anapaesticus
461 2507 670 2571 Hermannus
697 2504 783 2571 dixit
805 2504 910 2572 Elem.
935 2532 970 2597 p·
997 2509 1080 2586 315,
1112 2505 1295 2597 similisque

208 2621 307 2689 etiam
334 2619 376 2700 de
402 2622 429 2702 I,
455 2621 478 2689 3
514 2620 737 2713 discrepantia
771 2639 829 2687 est.
880 2621 935 2687 Ad
969 2620 1161 2688 alterutram
1196 2623 1296 2715 igitur

206 2762 342 2806 scenam
368 2736 529 2804 Sisennae
556 2736 613 2802 illa
639 2754 792 2802 annotata
818 2736 918 2802 luisse
943 2738 1142 2803 arbitramur
1167 2736 1207 2822 *).

302 2854 378 2920 Non
415 2849 606 2943 expeditior
642 2853 736 2916 tertia
762 2851 795 2915 in
823 2849 1007 2917 Rudentcm
1033 2854 1201 2918 annotatio
1236 2871 1296 2933 cst,

207 2993 272 3060 qna
298 2968 517 3034 latronem
541 2966 688 3058 produci
712 2970 814 3032 metri
839 2991 942 3033 causa
965 2969 1167 3035 observatur.
1217 2969 1294 3035 Non

206 3084 294 3150 enim
318 3099 422 3149 exstat
443 3083 527 3150 haec
549 3108 612 3149 vox
637 3086 670 3149 in
698 3083 753 3148 illa
776 3082 897 3163 sabula,
923 3108 985 3151 uec
998 3082 1131 3149 videtur
1144 3085 1295 3174 potuisse

207 3216 351 3277 exstare,
388 3223 461 3263 cum
485 3198 526 3262 ab
553 3199 626 3289 ipsc
655 3216 847 3290 argumento
881 3198 993 3265 militis
1023 3201 1295 3266 commemoratio

204 3312 311 3379 aliena
333 3314 389 3379 sit:
425 3338 501 3378 nam
527 3311 649 3378 milites
676 3312 851 3398 (mercede
885 3311 1096 3398 conductos),
1121 3340 1293 3407 nunquam

204 3427 394 3521 praedones
429 3426 543 3495 Plauto
578 3454 649 3496 esse
677 3428 831 3494 latrones
857 3431 933 3496 satis
958 3431 1046 3496 inter
1072 3454 1189 3497 omnes
1213 3456 1292 3498 con-

211 3753 465 3764 *uu—n·—

250 3853 288 3926 *),
310 3853 350 3904 De
369 3851 495 3903 habiliora
513 3861 593 3903 metro
611 3852 832 3919 operaepretium
849 3853 1040 3905 estllcrmanni
1059 3868 1219 3921 cognoscere
1231 3871 1291 3905 sen-

305 3941 421 4003 tentiam,
442 3940 515 3991 cuius
536 3940 591 4005 ipsa
611 3939 689 3991 rerba
706 3939 820 3991 subieci:
863 3941 945 4004 „Was
970 3942 1078 3993 Sisenna
1107 3941 1217 3992 labilius
1235 3958 1290 3992 mc-

305 4036 372 4079 trum
388 4035 478 4090 neunt,
496 4026 552 4078 sind
573 4026 643 4077 wohl
664 4025 805 4094 allerdings
824 4026 965 4079 besonders
985 4029 1027 4080 dio
1046 4028 1141 4080 Cretici
1162 4029 1212 4078 nnd
1225 4030 1291 4078 Bac-

306 4113 398 4178 chiaci,
417 4113 448 4163 da
467 4113 539 4164 diere
557 4114 678 4164 maistans
700 4129 765 4180 ganz
783 4112 863 4164 lcicht
883 4112 995 4166 diessen.
1019 4116 1101 4166 cho
1113 4115 1223 4165 erdicse
1241 4114 1291 4166 den

306 4199 427 4252 Weiltem
445 4198 552 4267 bellem,
578 4217 607 4251 so
626 4199 724 4251 ltonnte
742 4217 770 4252 cr
790 4217 880 4252 ausser
898 4201 955 4253 dem
977 4202 1080 4253 liudem
1101 4203 1168 4252 noch
1186 4202 1232 4252 aul
1249 4203 1291 4253 dic

305 4285 462 4337 Bacchiacoa
482 4287 575 4354 Amph.
595 4287 627 4351 ll,
646 4289 671 4340 2.
688 4287 747 4338 Aul.
766 4278 800 4350 ll,
823 4290 846 4344 l.
867 4289 924 4340 Cas.
937 4290 965 4352 V,
987 4292 1010 4339 1.
1030 4290 1090 4341 cist
1112 4289 1132 4352 1,
1153 4291 1175 4341 1.
1196 4289 1291 4341 Bacch.

304 4376 337 4437 V,
356 4377 381 4425 2.
402 4373 478 4424 Pocn.
498 4374 519 4438 1,
536 4377 561 4437 2,
581 4374 627 4425 aul
643 4375 685 4425 dic
705 4375 820 4425 creticos
839 4376 914 4427 Cure.
935 4376 956 4439 Ι,
976 4379 1000 4427 2.
1021 4377 1079 4428 Cae.
1101 4375 1132 4439 ll,
1155 4379 1180 4429 2.
1206 4376 1250 4438 ΙΙΙ,
1272 4377 1288 4428 5

302 4461 443 4512 liricltsicht
464 4476 617 4529 genommcn
636 4461 728 4525 haben,
748 4464 801 4512 wie
819 4464 885 4513 auch
904 4464 1075 4515 salmanche
1096 4466 1214 4523 Scenen,
1245 4481 1290 4515 wo

261 4585 262 4588 ,
303 4547 377 4598 diosc
396 4548 533 4599 Versartcn
551 4539 840 4616 aochia'Unouinung
867 4548 962 4616 liegen.
1003 4550 1142 4602 Vicllcicht
1160 4553 1289 4602 erstreckt

303 4635 359 4686 sich
387 4635 449 4686 aber
472 4637 514 4687 dia
536 4635 695 4701 Benennnng
710 4637 780 4686 'auch
798 4637 865 4687 noch
887 4647 986 4689 uerter.
1022 4641 1056 4693 So
1074 4647 1146 4707 passt
1163 4640 1201 4689 sie
1221 4639 1288 4691 anch

302 4721 348 4773 eal
365 4720 408 4774 die
427 4721 585 4775 iambisclaan
603 4723 717 4775 Dimcter
735 4722 827 4792 Amph.
849 4725 878 4789 V,
900 4727 940 4777 1³⁴
