2820 5332
436 679 550 726 ociori
577 678 842 727 turonenensis.
1109 663 1177 740 371

94 876 137 920 ea
163 870 198 920 et
224 852 390 920 calamum
414 854 500 922 addi
519 855 620 923 iubet.
647 855 734 924 Ideo
759 856 898 947 quidam
911 865 1096 929 aromatite
1121 862 1182 930 de·

94 972 240 1038 lectatos
265 974 412 1036 manime
436 970 591 1039 credunt.
641 972 714 1040 Sed
745 973 873 1040 Fabius
905 976 1106 1044 Dossennus
1131 977 1192 1050 liis,

97 1085 247 1153 versibus
271 1085 445 1152 decernit:
490 1088 667 1156 Mittebum
691 1090 804 1154 vinum
829 1087 1001 1180 pulcrum,
1038 1092 1185 1161 murrin-

95 1227 182 1281 nam,
208 1217 244 1268 et
269 1204 306 1267 in
328 1199 572 1270 Acharistione
597 1199 643 1291 *):
669 1204 792 1270 Panem
818 1222 851 1270 et
875 1203 1055 1297 polentam,
1072 1209 1185 1275 viuum
1252 1271 1255 1284 ,

97 1318 311 1383 murrhiuam.
364 1315 565 1385 Scaevolam
589 1341 721 1410 quoque
747 1334 782 1383 et
805 1319 959 1389 Laelium
982 1337 1016 1386 et
1027 1318 1182 1391 Atteium

98 1434 301 1525 Capitonem
328 1437 366 1498 in
391 1432 513 1499 eadem
536 1438 712 1501 sententia
734 1437 845 1514 fuisse
873 1433 989 1517 video,
1022 1441 1185 1528 quoniam

97 1552 135 1614 in
159 1545 332 1641 Pseudolo
358 1553 420 1616 sit:
467 1549 568 1633 Quod
601 1551 628 1616 si
656 1574 740 1641 opus
766 1550 838 1630 siet,
865 1568 902 1615 ut
926 1549 1026 1619 dulce
1052 1569 1186 1645 promat

95 1663 260 1739 indidem,
289 1663 412 1756 ecquid
438 1665 566 1731 habeti
594 1688 689 1733 cetu.
716 1665 840 1757 rogas?
865 1666 1089 1747 Murrhinnm,
1108 1694 1186 1760 pus-

95 1805 180 1860 sum,
208 1778 388 1858 defrutum,
414 1779 522 1846 mella.
577 1778 705 1870 Quibus
727 1797 870 1871 apparet
893 1805 965 1846 non
988 1786 1081 1849 inter
1107 1787 1187 1850 vina

97 1894 198 1960 modo
220 1893 444 1971 murrlriuam,
466 1894 529 1960 sed
550 1901 643 1961 inter
666 1894 780 1960 dulcia
804 1919 935 1988 quoqne
961 1901 1184 1966 nominatum.

96 2009 248 2077 Alterum
276 2011 400 2088 XVIII,
427 2011 447 2099 §
473 2016 539 2082 107
568 2012 633 2078 hoc
660 2028 726 2077 est:
753 2007 935 2104 Artoptam
952 2013 1098 2081 Plautus
1123 2038 1186 2107 ap·
1266 2025 1269 2031 “

93 2126 199 2217 pellat
212 2131 247 2192 in
265 2124 396 2213 sabula
412 2150 513 2218 quam
528 2126 742 2193 Aululariam
762 2122 983 2218 [in]scripsit,
996 2154 1127 2220 magna
1142 2128 1185 2197 ob

95 2241 133 2310 id
158 2246 417 2309 concertatione
439 2242 673 2317 eruditorum,
704 2267 752 2307 an
790 2247 819 2309 is
854 2268 968 2309 versus
990 2260 1115 2336 poetae
1139 2250 1185 2313 sit

93 2360 181 2426 illius
192 2386 203 2436 ,·
228 2374 420 2449 certumque
434 2355 486 2449 stt
512 2354 624 2425 Atteii
638 2358 817 2450 Capitonis
841 2365 1028 2440 sententia,
1055 2384 1180 2453 coquos

95 2492 166 2542 tum
189 2497 315 2566 panem
342 2472 544 2538 lautioribus
559 2498 701 2567 coquere
719 2474 850 2549 solitos,
875 2479 1086 2566 pistoresque
1101 2491 1183 2540 tan-

94 2607 163 2658 tum
189 2614 246 2655 eos
271 2592 330 2678 qui
343 2592 415 2674 sar
436 2587 621 2680 pinsebant
649 2592 846 2656 nominatos
870 2586 927 2673 **).
960 2591 1034 2657 Nec
1058 2613 1184 2683 coquos

98 2730 177 2772 voro
203 2703 376 2770 habebant
401 2708 439 2768 in
464 2709 636 2781 servitiis,
673 2728 795 2794 eosque
822 2729 867 2769 en
887 2705 1027 2770 macello
1054 2706 1185 2774 condu-

96 2822 232 2890 cebant.
280 2823 391 2912 Atque
428 2822 493 2888 boc
528 2820 604 2888 loco
639 2845 682 2886 ue
714 2818 841 2887 dictum
869 2839 919 2886 est
943 2819 1103 2912 quidem,
1137 2819 1182 2889 ud

95 2938 278 3004 Plautinum
312 2935 454 3003 sabulum
484 2933 535 3002 vel
564 2954 691 3002 certum
720 2934 887 3001 Plautinae
913 2933 1043 3002 subulae
1066 2961 1182 3006 exem-

94 3053 187 3146 plum
213 3069 379 3145 spectasse
405 3050 493 3116 Ateii
519 3050 730 3116 sententiam.
782 3049 881 3133 Quod
909 3053 970 3117 etsi
991 3051 1079 3118 cudit
1098 3079 1180 3125 sane

92 3172 128 3235 iu
154 3169 318 3261 priorem,
359 3183 467 3232 tamen
493 3191 592 3259 uegre
615 3165 848 3258 intelligimus,
882 3191 942 3233 cur
965 3192 1084 3259 parum
1115 3171 1179 3237 sihi

94 3285 280 3353 constiterit
301 3283 453 3348 Osuunus
489 3281 627 3349 neevel
655 3281 841 3373 quemlibet
865 3284 1083 3373 scriptorem,
1119 3287 1178 3379 qui

92 3401 244 3468 Plautino
285 3395 441 3488 exemplo
469 3396 653 3488 quamlibet
678 3399 877 3463 seutentiam
905 3397 1102 3465 confirmare
1128 3402 1179 3465 in·

92 3519 210 3602 stituit,
251 3512 302 3579 vol
334 3531 422 3579 certe
459 3511 652 3579 Scaevolam
688 3537 822 3604 quoque
848 3513 944 3578 Ateio
970 3513 1118 3581 iunctum
1145 3533 1179 3584 et

91 3633 184 3699 illum
215 3632 282 3696 sive
317 3627 467 3694 Laelium
505 3631 573 3694 sive
600 3628 730 3695 Aelium
755 3646 1001 3693 cotnmeutetos
1033 3653 1106 3694 esse
1139 3631 1176 3695 in

90 3748 240 3812 Plautum
268 3745 398 3810 dixerit.
450 3744 609 3810 Ceterum
636 3768 704 3809 non
728 3760 839 3834 potest
861 3767 934 3809 mco
962 3741 1085 3809 iudicio
1112 3741 1176 3812 du·

90 3865 198 3942 bituri,
223 3864 304 3954 quin
323 3886 385 3926 uec
401 3859 565 3938 Laelium,
588 3885 652 3925 uec
675 3859 714 3924 L.
740 3857 884 3935 Aelium,
911 3856 1001 3948 quod
1017 3856 1175 3948 placebat

90 3977 256 4056 lleusdio,
291 3975 351 4041 sed
380 3971 514 4042 Aelium
548 3972 744 4065 simpliciter
774 3969 899 4036 Plinius
935 3973 1104 4062 posuerit,
1138 3990 1175 4040 ut

86 4096 246 4187 scriptum
273 4115 343 4155 esse
369 4090 403 4152 in
424 4088 596 4155 codicibus
623 4088 772 4178 episcopi
795 4083 977 4150 Aleriensis
993 4111 1022 4151 ἐ
1050 4090 1173 4154 Rczzo·

86 4213 162 4277 nico
187 4224 323 4273 testatur
350 4203 508 4298 Silligius.
536 4205 615 4286 Quis
640 4204 727 4268 euim
745 4202 787 4266 itu
805 4204 1063 4294 grunimnticum,
1090 4229 1173 4295 qua.

87 4327 127 4392 lis
152 4322 209 4389 illo
243 4323 302 4388 suit
337 4321 376 4385 L.
402 4319 517 4386 Aelius
543 4318 795 4412 cognominibus
828 4315 910 4384 Stilo
938 4337 972 4384 ct
994 4321 1170 4387 Praeconi·

86 4507 189 4516 u-.-
200 4506 220 4512 .-

135 4615 160 4675 *J
186 4609 251 4661 Vide
271 4617 348 4669 supro
365 4600 491 4667 disputate
512 4613 536 4665 p.
559 4596 617 4649 ¹05.

119 4704 160 4767 ‘·)
189 4696 244 4748 Iloc
264 4689 394 4757 tetigimus
414 4702 440 4753 p.
459 4683 521 4736 207.
