2820 5332
153 735 200 800 ‘22
404 758 423 798 i.
452 759 493 798 aa
517 757 634 799 assurt
663 755 790 801 rosata
817 755 1008 803 uouiuiavs.

152 929 370 995 Molossicmu
397 932 486 994 enim
512 931 709 996 vocabulum
742 949 820 1022 post
844 946 1011 998 caesuram
1043 930 1243 999 collocatum

153 1069 276 1111 vereor
302 1070 344 1111 ue
370 1043 466 1135 phua
493 1043 616 1111 habeat
641 1063 674 1112 et
701 1048 846 1113 certiora
878 1045 1048 1138 exempla,
1078 1072 1177 1139 quam
1209 1050 1246 1114 iu

154 1159 246 1250 quod
274 1176 418 1224 statuere
445 1159 689 1225 Hermauuiana
725 1161 902 1226 severitate
936 1159 1054 1242 liceat3
1086 1184 1246 1252 praeser-

154 1275 211 1338 tim
247 1276 274 1338 si
307 1276 447 1364 proprio
479 1272 565 1339 iilud
602 1276 739 1340 nomine
765 1275 984 1340 contineatur.
1031 1276 1136 1339 Vtin
1163 1277 1245 1366 ipsis

155 1388 304 1481 prologis
339 1390 538 1459 subsistam,
576 1386 638 1454 hos
679 1414 802 1481 quaeso
827 1414 939 1455 versus
967 1389 1199 1482 contemplare
1227 1415 1247 1456 e

153 1499 240 1596 proi.
267 1504 388 1596 Amph.
413 1504 472 1577 42.
499 1507 578 1572 100.
606 1505 679 1571 Cas.
705 1503 767 1574 59,
800 1508 904 1572 roan.
930 1507 963 1576 7.
993 1508 1052 1575 28.
1088 1505 1173 1575 Rud.
1201 1504 1247 1578 14

155 1623 295 1711 petitos:

255 1738 293 1805 V
289 1734 340 1801 idi
364 1737 572 1828 Neptunum,
598 1739 785 1810 Virtutem,
811 1738 1011 1806 Victoriam.

255 1851 294 1915 Is
320 1874 412 1914 nnnc
436 1846 639 1942 Amphitruo
663 1854 880 1942 praefectust
905 1849 1108 1941 legionibus.

256 1961 452 2056 Propterea
477 1990 518 2029 ea
544 1988 615 2030 uria
642 1971 814 2031 consentit
840 1991 915 2030 cum
937 1966 1023 2044 filio.

260 2083 330 2168 Qui
354 2079 487 2154 odistis,
514 2081 618 2145 multo
634 2083 779 2167 jecistis
802 2085 1001 2171 sapientius.

259 2196 430 2273 Nutrices,
450 2219 577 2287 pueros
602 2199 754 2282 irrfantis
781 2196 974 2261 minutulos.

262 2306 401 2384 Petunt,
428 2315 550 2402 qiiicpue
575 2315 612 2374 in
640 2316 713 2379 iure
739 2311 902 2377 abiurant
925 2315 1114 2402 pecuniam.

162 2427 289 2506 Quibus
316 2425 443 2490 addere
469 2425 549 2492 licet
573 2424 663 2515 prol.
687 2428 777 2491 Men.
799 2427 861 2494 30:

258 2537 428 2608 Mortales
453 2541 562 2615 multi,
588 2557 624 2604 nt
650 2540 698 2604 ad
722 2540 830 2620 ludos,
856 2556 1101 2609 corivenerant.

161 2659 357 2748 Quanquam
385 2655 446 2720 alia
472 2654 625 2745 exempla
653 2673 746 2733 suut,
782 2679 866 2746 quac
899 2655 966 2719 huc
1000 2652 1082 2721 salso
1115 2655 1254 2722 rettule-

162 2789 249 2849 runt,
277 2790 313 2837 ut
336 2771 424 2863 prol·
449 2772 570 2861 Amph.
602 2775 680 2841 103.
710 2773 805 2865 Capt.
833 2770 890 2850 94,
916 2770 974 2863 qui
994 2794 1108 2837 versus
1127 2773 1175 2836 sic
1191 2796 1257 2863 po-

162 2887 225 2950 tius
254 2882 469 2976 corrigendi:

267 2998 459 3064 Gravidam
484 2996 710 3066 Alcumenam
725 3004 821 3087 fecit
845 3023 986 3067 terrorem
1009 3023 1115 3064 suain.

264 3115 450 3208 Postquam
476 3114 685 3204 belligerant
707 3131 821 3180 antem
846 3112 1059 3183 Aetolicum
1084 3113 1182 3181 Aliis.

669 3304 697 3390 ς.
723 3295 756 3368 a.

263 3431 340 3519 Nou
366 3450 582 3516 mediocriter
610 3451 805 3516 coufirmato
829 3453 938 3516 auimo
960 3451 1032 3516 hue
1058 3472 1260 3542 progressus

168 3593 257 3634 eram
275 3565 479 3645 meditando,
507 3591 580 3631 cum
601 3565 722 3633 fiducia
744 3566 836 3630 ouini
862 3565 964 3632 deiici
990 3566 1076 3631 visus
1091 3588 1161 3630 sum
1177 3563 1261 3629 alius

166 3683 297 3748 fabulae
322 3681 474 3773 prologo,
502 3682 559 3773 qui
587 3684 697 3773 ipsum
712 3679 858 3748 Marcus
884 3704 1092 3771 praenomen
1120 3680 1263 3770 apertis·

167 3800 249 3864 sime
272 3814 457 3863 testaretur.
510 3797 744 3861 Asinos-iae
775 3797 863 3860 euim
901 3795 984 3862 haec
1022 3794 1174 3888 quisquis
1200 3794 1261 3861 luit

168 3914 335 4007 praelatus
365 3931 414 3980 est
440 3939 469 3981 v.
494 3912 516 3982 9
544 3938 641 4006 sqq.:

266 4031 368 4095 Nunc
392 4028 485 4120 qnod
511 4053 563 4093 nae
589 4027 664 4092 disci
690 4028 773 4093 valle
802 4025 894 4092 robis
919 4025 1044 4105 elicere,

265 4145 399 4210 Dicam.
443 4144 540 4209 latrice
566 4166 691 4207 nomen
706 4166 833 4234 graece
850 4143 1011 4232 Onagost
1028 4137 1191 4226 falatiae.

266 4260 486 4352 Demophilus
509 4263 665 4350 scripsit:
700 4256 843 4329 Marcus
869 4262 973 4323 vortit
998 4253 1160 4321 barbara:

264 4376 466 4442 Asinariam
494 4375 563 4441 uolt
585 4396 669 4454 osse,
696 4376 809 4464 siper
835 4395 892 4436 ros
918 4372 1007 4436 licet.

168 4489 363 4557 Accedebat
392 4514 459 4556 non
493 4489 595 4582 magis
631 4475 704 4552 fere
735 4470 922 4578 ambiguum
953 4481 1089 4550 Gellii
1118 4482 1293 4545 testimo..

166 4605 260 4671 nium
285 4605 310 4694 I,
334 4601 393 4682 24,
431 4584 508 4697 duo
526 4601 584 4669 ilie
615 4603 723 4694 esraite
750 4605 853 4666 trima
868 4616 1058 4691 poetarum
1085 4596 1267 4661 illustrium

168 4725 436 4812 epigrammata,
472 4721 533 4790 Cn.
569 4719 714 4793 Naevii,
747 4718 797 4783 M.
824 4713 1001 4790 Plauti,
1034 4710 1085 4783 M.
1112 4707 1266 4790 Pacuvii,
