2820 5332
593 670 812 717 saccutntsvs.
1169 646 1240 722 427

162 845 343 908 omniuo
369 866 456 908 non
481 841 651 910 vidisse
677 847 808 911 inimici
832 844 1019 914 iactabant.
1060 849 1160 915 Nunc
1177 847 1241 941 igi-

162 974 216 1023 tur
240 960 267 1023 si
292 956 375 1026 licet
399 958 624 1025 coniecturam
646 960 759 1028 facere
789 985 910 1041 exeo,
937 960 1029 1055 quod
1054 965 1096 1030 sit
1116 964 1242 1056 proba-

159 1072 252 1152 hilc,
278 1098 401 1139 annum
427 1074 466 1140 V.
491 1074 528 1141 C.
553 1073 627 1146 564
651 1075 755 1142 credo
781 1101 855 1143 eum
881 1076 1011 1159 fnisse,
1042 1104 1145 1171 quem
1172 1103 1241 1146 non

161 1187 260 1281 longo
286 1187 460 1255 intervallo
486 1207 597 1256 secuta
633 1191 675 1255 sit
707 1190 775 1256 eius
796 1191 928 1259 fabulae
951 1191 1120 1259 Plautinae
1144 1195 1241 1275 actio,

159 1303 193 1368 iu
219 1329 284 1396 qua
309 1303 521 1396 pervulgatus
547 1304 774 1396 triumphandi
799 1304 1013 1373 mosdicatnr
1033 1305 1241 1400 multumque

162 1417 204 1485 dc
229 1420 339 1510 prisca
366 1420 434 1485 eius
460 1417 619 1511 dignitate
646 1444 717 1486 esse
742 1418 926 1487 detractum
952 1419 1208 1514 significetur.*)

257 1535 369 1625 Atque
396 1533 479 1600 haec
504 1532 678 1601 hactenus:
704 1536 740 1599 in
764 1533 903 1602 exordio
930 1536 1020 1601 euim
1038 1534 1241 1604 Bacchidum

162 1649 372 1715 coniecturae
399 1672 466 1739 ope
491 1647 706 1716 instaurando
729 1649 923 1717 Dissertatio
945 1650 994 1716 XI
1020 1651 1218 1717 versabitur.

470 2939 935 3005 EPIMETRVM.

593 3158 646 3226 ad
673 3184 706 3254 p.
732 3157 814 3229 405.

661 3377 751 3390 ..n—-

258 3618 462 3688 Bacchidum
495 3644 591 3687 versu
631 3622 675 3702 V,
700 3627 729 3703 1,
755 3619 778 3692 4
808 3621 905 3690 ludos
941 3622 1168 3691 asciscendum
1201 3648 1241 3691 ex

163 3750 305 3827 utroque
327 3734 476 3802 Palatino
501 3760 564 3829 pro
589 3735 720 3831 vulgato
741 3737 821 3804 inde
841 3739 883 3805 ab
909 3738 1058 3807 editione
1084 3740 1240 3832 principe

164 3848 292 3914 ludum:
334 3854 425 3921 cuius
458 3850 670 3944 corruptelae
701 3854 827 3920 sontem
861 3872 1022 3921 monstrat
1044 3856 1240 3945 Lipsiensis,

162 3964 197 4029 in
224 3988 292 4057 quo
320 3983 369 4032 est
398 3965 505 4033 ludus.
566 3970 659 4034 Dure
691 3984 767 4033 sunt
799 3965 1013 4048 locutiones,
1050 3970 1086 4034 in
1119 3969 1240 4062 quibus

164 4097 316 4146 constans
350 4105 426 4147 usus
458 4081 626 4150 Plautinus
656 4083 787 4174 respuit
821 4081 1022 4176 singularem
1056 4108 1240 4166 numerum,

165 4193 261 4260 ludos
274 4199 403 4282 facere
425 4198 529 4264 alicui
541 4247 554 4273 ,
593 4217 627 4265 et
658 4198 803 4290 aliquem
832 4197 929 4263 iudos
950 4201 1088 4286 facere.
1145 4198 1241 4267 Illam

165 4311 265 4377 habes
292 4315 397 4379 Merc-
424 4314 466 4391 H,
495 4322 525 4396 1,
552 4320 566 4380 1
596 4331 630 4381 et
653 4313 739 4379 Rud.
763 4313 821 4392 ΙΙΙ,
849 4317 882 4395 1,
906 4320 945 4381 1:

260 4419 367 4496 Miris
392 4427 499 4494 mode
525 4428 563 4495 di
586 4421 683 4494 bidos
698 4433 844 4516 faciunt
864 4425 1067 4497 'hominibus

217 4695 241 4764 ⁰)
259 4690 303 4743 llis
323 4689 388 4742 adds
407 4704 483 4759 supra
503 4705 528 4760 p.
548 4691 649 4761 tosta.
669 4692 827 4761 disputata,
