2820 5332
154 662 227 737 636
616 688 788 734 aaasnmx.

151 855 213 904 tium
243 852 333 904 oculos
361 852 463 921 lugiens
491 855 605 908 Athenas
630 857 792 926 demigravit.
839 864 951 908 moratus
981 869 1044 905 vero
1058 828 1114 905 non
1134 851 1246 903 multura

151 942 245 992 reveni
274 941 370 992 statuit.
402 940 470 1009 quod
499 943 526 993 in
543 943 606 993 urbe
629 946 677 995 etsi
710 944 791 995 invidi
809 943 910 996 uirtutis
929 957 977 993 sue
994 943 1098 1010 quidam
1114 948 1245 991 amatores

151 1029 227 1079 etiarn
249 1027 320 1078 multi
347 1036 443 1080 essent.
481 1029 506 1080 in
531 1044 622 1081 navem
643 1033 731 1099 itaque
748 1029 890 1082 sarcinulas
911 1038 938 1080 et
958 1044 1009 1097 que
1026 1028 1123 1079 ceteris
1142 1028 1244 1078 cariora

151 1123 240 1175 essent
262 1117 366 1182 scripta
382 1131 429 1167 sna
453 1117 575 1184 imposuit
612 1120 668 1185 ipse
696 1107 772 1170 maris
798 1117 867 1169 tedio
894 1125 979 1184 patras
1004 1116 1119 1166 terrestri
1146 1115 1244 1165 itinere

151 1202 282 1270 proiectus
308 1211 355 1254 est.
389 1212 418 1253 ut
444 1212 525 1255 tractu
547 1204 607 1255 inde
625 1205 697 1256 brevi
717 1207 742 1256 in
761 1204 857 1256 italiam
877 1204 1023 1255 nonoretur.
1060 1204 1096 1254 At
1114 1203 1151 1253 ibi
1171 1200 1245 1253 rele-

151 1298 202 1340 tum
230 1297 269 1340 eat
290 1304 383 1341 narem
416 1292 478 1341 mari
509 1291 618 1342 adverso
636 1294 704 1343 circn
720 1291 855 1342 malinenm
873 1293 956 1342 sinum
975 1306 1083 1342 mersam
1103 1305 1245 1356 percussus

151 1391 209 1427 mox
240 1375 330 1427 dolore
358 1379 438 1429 nimio
462 1381 488 1428 io
517 1378 661 1429 archadiam
690 1381 827 1431 concessit.
867 1380 913 1428 Viri
934 1381 1069 1445 repentino
1088 1379 1181 1428 morbo
1199 1390 1246 1427 ea·

150 1470 209 1529 ptus
226 1462 348 1514 occubuit
389 1462 507 1531 Eaequle
526 1466 582 1515 viro
599 1468 749 1532 pauperimo
768 1464 836 1533 quod
858 1481 898 1516 res
917 1463 991 1515 simul
1013 1471 1039 1514 et
1057 1466 1134 1513 vitam
1155 1462 1246 1531 perdi-

150 1550 239 1614 disset,
255 1549 287 1601 de
305 1549 410 1617 publico
428 1560 493 1602 sete.
512 1553 618 1620 egregia
637 1554 686 1603 iarn
711 1554 737 1603 in
756 1553 843 1619 grecia
864 1561 890 1603 et
907 1550 1044 1619 singularis
1072 1552 1185 1602 nominis
1205 1550 1246 1603 sul

150 1638 216 1690 lama
241 1649 345 1707 propter
369 1639 537 1692 excellentem
563 1650 642 1692 artem
665 1643 690 1692 in
713 1643 878 1692 venustatem
892 1642 973 1691 morit
988 1640 1119 1691 Archades
1138 1647 1168 1689 nt
1186 1654 1245 1689 mn·

150 1743 198 1778 uus
223 1727 248 1777 id
271 1743 416 1792 supremum
443 1727 585 1780 clarissimo
614 1736 691 1795 poete
717 1735 743 1779 et
769 1728 849 1779 libere
878 1735 904 1778 et
923 1727 1035 1793 benigno
1052 1726 1244 1793 persolverent.

150 1815 249 1865 Ceteris
265 1817 308 1882 qni
330 1823 389 1866 sunt
406 1817 504 1866 comico
521 1831 619 1884 genere
638 1818 676 1867 usi
695 1823 809 1882 prestare
828 1817 911 1882 ipsum
931 1816 1087 1881 proprietate
1104 1815 1244 1865 verbonsm

150 1902 244 1951 Servus
275 1903 453 1968 grammaticus
480 1905 516 1953 rei
547 1903 622 1954 huius
647 1917 698 1953 non
716 1904 848 1969 imperitus
866 1901 943 1952 iudex
962 1901 1046 1951 tradit.
1087 1900 1241 1964 Quintiliani

150 2001 212 2037 vero
243 1986 364 2038 iudicium
396 1997 435 2039 est
462 1991 587 2043 comicum
606 2005 688 2056 genus
706 1988 839 2056 peculiare
858 2004 959 2054 semper
977 1996 1003 2038 et
1020 1989 1153 2055 proprium
1175 2003 1238 2056 gre-

150 2089 237 2126 corum
264 2091 330 2126 esse.
359 2075 452 2126 latinos
476 2085 560 2127 autem
581 2079 606 2127 in
627 2092 659 2127 eo
679 2075 824 2127 claudicare
842 2083 919 2142 atque
939 2074 1053 2126 Terenoii
1074 2076 1172 2142 scripta
1192 2076 1241 2125 etsi

110 2187 113 2193 ·
151 2161 200 2213 lroo
225 2164 370 2229 ingenoco
394 2162 586 2231 elegantissima
604 2165 747 2215 videantur.
778 2162 834 2230 plus
852 2172 935 2213 tamen
953 2164 1040 2229 gracie
1059 2162 1177 2212 habiturn
1195 2162 1239 2212 lu-

151 2249 202 2301 isse
231 2250 252 2299 si
282 2251 347 2300 intra
370 2265 461 2301 versus
487 2253 615 2302 trimetros
634 2252 773 2301 stetissent.
808 2251 866 2317 Age
885 2251 974 2300 mirum
992 2250 1018 2300 in
1038 2249 1141 2299 modum
1166 2248 1242 2300 lami-

150 2334 223 2387 liaria
254 2344 281 2386 et
307 2345 378 2404 grata
398 2346 557 2405 acceptaque
584 2339 652 2406 quod
678 2354 741 2404 sepe
766 2352 872 2387 numero
891 2353 923 2387 ex
943 2337 1006 2402 ipsis
1024 2351 1074 2386 non
1095 2337 1245 2387 sentencias

150 2423 225 2474 modo
250 2422 296 2497 sed
322 2423 401 2474 verba
429 2425 556 2476 interdum
575 2432 710 2475 mutuetur.
743 2431 769 2474 et
789 2424 841 2473 suis
862 2438 906 2489 pro
925 2422 1050 2488 dignitate
1067 2421 1237 2489 quodannis.

150 2512 264 2563 misceat
300 2510 443 2562 ieronimus
465 2513 526 2562 item
551 2512 591 2562 nir
609 2510 834 2579 eloquentissimus
852 2511 1028 2560 sanctissimus
1049 2511 1166 2559 nominat
1182 2524 1241 2560 eum

149 2601 216 2651 inter
232 2607 322 2666 poetas
343 2600 464 2666 egregios
488 2607 514 2650 et
531 2598 638 2650 illustris
655 2598 744 2649 ordine
762 2599 811 2648 isto
830 2598 966 2648 llomerum
985 2597 1119 2663 Virgilium
1133 2598 1244 2649 nmm-

149 2686 221 2737 drum
244 2686 403 2738 Tereacium.
443 2694 472 2736 ut
494 2685 593 2737 duobus
617 2688 721 2737 summis
748 2686 836 2752 grecie
855 2686 939 2751 poetis
963 2685 1081 2752 adequati
1100 2686 1153 2735 sint
1169 2683 1243 2735 latini
1287 2720 1288 2725 ,

149 2783 227 2841 poete
252 2773 302 2825 duo
331 2773 490 2825 excellentes
533 2781 559 2824 et
586 2789 633 2839 par
670 2772 881 2840 quemadmodum
915 2772 1040 2838 Virgilius
1059 2772 1172 2822 llomero
1204 2774 1241 2824 ita

149 2861 286 2912 'l'erencins
306 2861 445 2912 Menandro
463 2861 505 2912 sit.
550 2860 640 2929 Neque
664 2876 726 2911 vero
748 2862 820 2927 parui
840 2859 957 2910 iacienda
977 2868 1016 2910 est
1037 2862 1171 2910 sentencia
1193 2875 1246 2927 pe·

149 2959 240 3001 trarce.
275 2962 326 2998 uon
351 2949 419 2999 enim
443 2948 545 3013 ineptus
572 2955 611 2998 est
631 2948 712 2998 testis.
748 2946 854 2998 Tantum
871 2947 974 3014 quidem
994 2946 1042 2997 sibi
1062 2947 1152 2997 tribuit
1171 2947 1241 3014 quod

148 3036 216 3087 dicat
243 3036 292 3086 isto
318 3036 344 3085 iu
364 3050 462 3102 genere
479 3034 630 3086 Terencium
650 3042 677 3085 et
696 3036 779 3100 primo
795 3037 800 3102 1
816 3049 857 3084 res
877 3033 1005 3084 deuicisse
1024 3042 1050 3084 et
1069 3043 1188 3099 posteros
1205 3036 1242 3085 ita

147 3123 271 3174 terruisse
289 3121 357 3189 quod
376 3136 452 3172 nemo
470 3123 583 3173 omnium
597 3129 656 3187 post
673 3136 731 3171 enm
747 3136 824 3171 ausus
842 3121 875 3170 sit
894 3136 976 3187 genus
995 3119 1019 3170 id
1039 3120 1144 3172 adoriri.
1170 3122 1241 3173 llar-

146 3225 192 3261 eus
214 3217 298 3261 autern
326 3209 408 3259 Varro
425 3207 470 3259 ille
489 3209 562 3259 cuius
581 3207 702 3259 iudicium
717 3222 871 3275 quacunque
889 3209 915 3257 in
935 3222 964 3258 re
985 3208 1120 3258 maximum
1137 3225 1245 3275 semper

146 3305 174 3347 et
198 3296 376 3363 gravissimum
397 3296 445 3346 luit
473 3310 530 3345 cum
560 3294 668 3345 dixisset
695 3294 789 3362 liguros
822 3292 923 3343 dicendi
949 3294 1016 3343 sient
1033 3302 1093 3344 sunt
1111 3302 1163 3344 tres
1182 3310 1244 3346 esse

147 3383 262 3435 uberem.
292 3382 415 3451 gracilem
444 3390 470 3432 et
495 3381 650 3432 mediocrem
669 3390 747 3449 atque
766 3381 832 3431 vicia
851 3382 914 3446 ipsis
934 3380 1026 3431 lrerere
1052 3384 1105 3447 pari
1125 3398 1236 3434 numero

145 3473 193 3522 trin
210 3473 344 3538 proposuit
363 3469 481 3536 exempla
499 3485 550 3536 qne
569 3470 671 3536 propria
692 3478 718 3519 et
735 3484 796 3519 vera
820 3468 869 3518 sibi
941 3468 1063 3520 darentur
1093 3480 1238 3539 essentque

146 3559 328 3609 mediocritatis
363 3559 430 3608 enim
465 3556 624 3608 'derencium
680 3554 834 3606 Gracilitatis
863 3555 986 3606 lucilium.
1024 3557 1152 3608 libertatis
1180 3574 1241 3610 esse

49 3631 287 3732 ¹¹:⁶⁷:¹¹3l'oerrnirnn
310 3644 374 3695 dixit
417 3643 520 3694 lucilius
546 3644 616 3693 satiri
644 3645 718 3693 metri
747 3644 866 3694 inventor
888 3658 946 3693 esse
963 3659 993 3693 ac
1013 3645 1134 3710 princeps
1153 3646 1244 3697 lentur.

142 3721 274 3785 ’Pacuvius
294 3740 378 3783 autom
398 3729 567 3798 tragediarum
585 3730 694 3796 scriptor
711 3731 832 3796 egregius
852 3729 928 3781 Ennii
948 3738 1024 3795 poete
1043 3745 1124 3796 nepos
1145 3731 1243 3783 exfilia

155 3817 280 3870 Brindusii
299 3826 373 3869 natus
394 3816 582 3884 nonagenarius
599 3816 699 3867 Tarenti
719 3817 807 3882 exegit
824 3815 900 3866 diem.
938 3815 1001 3866 Eum
1023 3815 1088 3866 vidit
1106 3824 1176 3867 etate
1189 3833 1247 3870 non

76 3897 132 4000 X'dd
150 3903 254 3974 paulum
272 3905 355 3956 minor
371 3902 451 3956 Acina
470 3917 486 3952 a
503 3915 555 3969 quo
575 3916 648 3952 mons
665 3899 732 3967 apud
749 3901 879 3967 pisaurum
893 3899 1016 3951 achinnus
1035 3899 1118 3952 dictus
1133 3910 1182 3953 est.
