2820 5332
435 680 552 726 ratvrt
579 682 845 726 turenraertrvs.
1110 658 1182 728 363

345 764 359 793 0

97 855 152 923 Ad
183 854 371 924 Charisium
409 871 518 921 autem
548 873 583 924 ut
616 874 776 935 revertar,
813 853 959 948 plurium
993 855 1090 922 etiam
1128 857 1187 947 qui

103 974 183 1048 istac
211 996 311 1062 quem
342 971 519 1037 oeiecimus
544 973 594 1037 viu
620 990 745 1066 perget,
768 971 1016 1038 scholiastarum
1042 988 1188 1064 segetem

101 1113 317 1157 succrescere
343 1089 473 1155 sentiet.
500 1084 628 1167 Aderit,
651 1088 741 1154 utin
764 1088 878 1179 paucis
898 1087 1082 1165 subsistam,
1101 1074 1189 1151 Naess

100 1205 145 1274 vii
169 1206 338 1296 interpres
368 1200 549 1288 (Valerius)
572 1203 712 1282 Probus,
735 1203 883 1270 Lucretii
904 1199 1021 1269 Velius
1034 1202 1186 1291 Longus:

101 1320 142 1387 cl.
166 1345 200 1411 p.
230 1321 310 1398 178,
325 1320 382 1389 33·
413 1319 491 1397 187,
509 1315 574 1387 44:
607 1319 786 1410 utrobique
820 1320 908 1384 enim
941 1315 1039 1386 allatu
1067 1331 1187 1407 poetae

101 1437 209 1505 tersui
246 1434 416 1503 subiunxit
446 1432 502 1503 ubi
536 1431 744 1525 particulam.
792 1435 835 1501 Et
869 1451 980 1500 tamea
1014 1434 1189 1520 utriusque

102 1551 245 1618 bominis
270 1548 334 1617 alia
360 1550 514 1621 exstitere
540 1550 662 1641 scripta
677 1551 911 1640 grammatica,
934 1550 970 1615 in
992 1547 1112 1639 quibus
1131 1570 1190 1613 re·

102 1685 210 1741 terum
244 1683 419 1758 poetarum
457 1664 545 1731 dicta
578 1682 760 1756 potuerunt
790 1682 855 1731 tam
889 1663 941 1731 rel
969 1664 1105 1755 copiose
1137 1658 1190 1728 vel

103 1779 294 1875 singillatim
320 1797 455 1854 tractata
482 1806 573 1871 esse,
606 1798 734 1848 utnon
759 1782 867 1848 minus
893 1797 985 1856 recte
1011 1780 1054 1845 in
1080 1777 1190 1844 haee

105 1914 409 1967 commentatus
435 1921 517 1975 esse,
549 1922 648 1989 quam
673 1895 784 1964 locum
807 1920 976 1988 quemque
1005 1894 1193 1988 grammati-

107 2041 184 2083 cum
210 2013 392 2106 explicasse
415 2013 560 2105 scriptor
586 2011 765 2080 diceretur.
812 2012 858 2078 Ut
888 2012 1038 2077 breviter
1072 2008 1192 2095 dicam,

105 2130 192 2198 illud
230 2130 288 2197 ubi
320 2130 432 2221 Caper·
460 2127 654 2196 tantundem
690 2127 776 2197 valet
810 2153 848 2195 ae
882 2125 974 2219 quod
1004 2123 1193 2215 exemplum

108 2246 185 2339 (per
211 2244 388 2316 cuiuslibet
412 2245 613 2337 quaestionis
642 2240 938 2336 opportunitatem)
963 2238 1194 2330 affererrsCea

105 2387 176 2456 per.
203 2363 313 2454 Atque
333 2359 462 2453 aliquid
486 2358 648 2432 eiusmodi
674 2359 861 2427 suboluisse
888 2360 986 2429 etiarn
1012 2357 1193 2446 beringero

106 2477 272 2544 videmus:
304 2478 395 2543 cuius
424 2493 535 2543 tamen
562 2501 603 2543 eo
629 2477 664 2543 iu
686 2500 811 2567 genere
836 2475 917 2541 mira
944 2491 978 2541 et
1001 2474 1194 2539 inconstan-

25 2652 28 2657 ,
108 2594 151 2666 tia
177 2592 239 2659 fuit
264 2591 321 2678 (el.
349 2592 376 2671 I,
400 2617 437 2683 p.
461 2589 519 2660 60.
552 2591 595 2672 ΙΙ,
616 2588 709 2674 168.)
735 2609 864 2656 etcum
892 2586 1089 2657 credulitate
1111 2608 1194 2651 eona

109 2708 220 2775 iun'cta
247 2705 423 2772 timiditas:
450 2729 517 2798 quo
543 2705 665 2773 sactum
692 2723 751 2784 est,
775 2722 813 2772 ut
830 2701 885 2771 vel
911 2704 1051 2771 maxime
1077 2722 1195 2790 suspen

112 2823 172 2887 ctis
195 2819 444 2886 scholiastarum
469 2820 669 2902 nominibus,
696 2844 781 2911 quae
806 2843 873 2884 uno
899 2835 994 2882 erant
1018 2816 1121 2881 verbo
1140 2839 1195 2880 re-

111 2934 286 3015 movenda,
311 2936 441 3028 integra
465 2936 572 3027 capita
598 2934 818 3005 destinaverit.
844 2931 952 3017 Quid?
978 2930 1070 3024 quod
1085 2957 1119 3023 p.
1135 2927 1195 3008 96,

83 3035 85 3037 .
118 3037 173 3119 17Χ
197 3049 286 3143 apud
323 3051 509 3118 Charisinm
542 3051 626 3116 haec
661 3049 835 3142 leguntur:
889 3049 959 3116 Cur
977 3045 1089 3138 pridie
1114 3043 1195 3112 Καί

112 3164 289 3257 Augustus
320 3182 354 3231 et
392 3191 464 3233 raon
488 3162 722 3258 Augustarum
748 3163 914 3231 dicimus?
958 3161 1031 3228 ubi
1061 3157 1197 3228 Flinius

113 3282 289 3351 Secundus
315 3281 433 3350 euclem
458 3282 543 3349 libro
568 3299 683 3349 sexto:
720 3303 744 3348 A
766 3280 880 3378 finite
913 3281 1054 3344 nomina
1079 3279 1198 3365 singu,

112 3401 181 3470 tari
205 3404 416 3466 nontinativo
441 3418 569 3467 ueteres
595 3423 676 3466 cusu
695 3401 849 3488 genitivo
875 3417 920 3464 As
945 3392 1079 3482 syllaba
1093 3389 1200 3493 decii·

114 3514 260 3584 trabunt:
297 3515 330 3579 in
355 3516 475 3607 quibus
502 3537 544 3579 ne
569 3513 754 3605 praecessit
779 3510 916 3604 quidem
939 3511 1112 3604 scriptoris
1137 3531 1199 3575 no-

115 3657 202 3711 rnen,
229 3629 291 3696 sed
317 3629 512 3698 tantundem
536 3649 585 3697 est
608 3628 693 3697 illud
724 3628 782 3696 aba·
806 3655 844 3697 ac
869 3654 937 3723 qua
959 3627 1002 3694 de
1021 3652 1058 3693 re
1077 3649 1200 3715 agens,

118 3746 321 3839 lntclligisne
350 3773 409 3812 eur
435 3748 548 3826 uobis,
584 3748 641 3840 qui
672 3771 714 3814 ue
741 3746 870 3812 adiecto
897 3745 956 3811 illo
982 3743 1040 3819 ubi
1060 3739 1200 3836 quidem

115 3864 241 3933 moveri
268 3843 450 3954 potuimus,
489 3861 745 3942 multominus,
780 3862 886 3927 sicubi
909 3859 1069 3927 liberiore
1103 3859 1201 3924 etiam

117 3979 249 4045 vinculo
276 4007 350 4047 cnm
377 4001 499 4073 poetae
526 3982 717 4048 testimonio
742 3979 945 4071 grammatici
962 3978 1122 4067 cuiusque
1138 3997 1200 4040 ne-

115 4120 192 4162 men
218 4096 374 4188 iungitur,
401 4096 444 4164 de
465 4097 630 4189 peculiari
657 4096 894 4162 commentario
913 4091 1107 4185 persuaderi
1123 4115 1202 4183 pes-

117 4212 177 4277 sit?
224 4213 287 4290 Ita,
322 4229 358 4279 ut
390 4213 545 4305 exemplu
574 4230 657 4288 utar,
690 4213 724 4276 in
747 4212 901 4276 Terentii
927 4208 1054 4276 fabulas
1078 4205 1204 4299 Nigidii

116 4326 238 4418 Figuli,
262 4327 305 4394 do
331 4330 421 4397 cuius
447 4333 700 4396 curamentarir's
723 4330 956 4418 grammaticis
981 4325 1081 4418 longe
1101 4324 1201 4389 ubet*-

119 4442 211 4508 rimis
239 4445 315 4509 satis
339 4461 474 4529 constat,
502 4445 690 4511 continuam
716 4443 1025 4534 interpretationem
1040 4439 1203 4506 exstitisse

121 4583 279 4649 negamus
306 4583 380 4624 cum
403 4559 585 4650 Schopeno
606 4557 628 4630 l.
657 4585 685 4625 c.
714 4584 747 4651 p.
773 4558 815 4628 lt
846 4583 914 4650 sq,
950 4582 1050 4650 quem
1081 4555 1143 4620 hac
1168 4556 1205 4619 in

88 4693 212 4777 ..parte
240 4675 339 4742 tacito
364 4676 516 4767 sequitur
541 4675 740 4769 Suringarus
768 4675 792 4751 l,
816 4699 848 4764 p.
881 4673 960 4743 109.
1002 4676 1086 4741 Nam
1112 4667 1206 4775 qood
