2820 5332
39 421 43 431 a

177 741 223 809 82
436 763 484 802 ιιι.
511 761 566 802 ma
594 757 737 802 navata
765 742 991 802 ιἰιιιοιιιιιιιι

122 957 138 1006 5
176 934 268 1000 Accii
294 955 357 998 nec
381 928 510 998 Manilii
535 953 637 1022 super
661 928 712 1013 bis
737 925 867 1006 sabulis,
896 951 981 1019 quae
1007 927 1164 994 dicuntur
1186 955 1254 995 am.

52 1080 62 1098 .
146 1050 298 1141 biguae,
326 1044 537 1124 crediturum,
569 1042 628 1110 aed
660 1045 725 1134 ipsi
746 1041 860 1109 Plauto
886 1043 1101 1135 moribusque
1126 1045 1254 1137 ingenii

35 1192 40 1202 ¹
131 1235 133 1239 y
170 1182 270 1255 atque
293 1160 425 1253 linguae
453 1161 534 1225 eius.
571 1160 641 1226 Hac
668 1160 758 1225 enim
782 1155 898 1225 iudicii
923 1182 1038 1225 norma
1063 1159 1251 1253 Varronem

171 1301 306 1371 quoque
329 1300 422 1342 usum
444 1274 602 1342 videmus.
654 1276 736 1340 Nam
764 1271 992 1367 praeter.illas
1018 1299 1116 1339 unam
1145 1292 1179 1341 et
1203 1278 1253 1341 vi·

172 1393 262 1483 giuti,
288 1416 372 1482 quae
397 1390 621 1457 varronianae
646 1399 818 1456 vocantur:
857 1413 938 1480 quas
958 1388 1084 1454 iccirco
1116 1415 1135 1455 a
1160 1409 1253 1456 cete-

104 1486 216 1588 10⁹1·is
240 1505 436 1599 segregavit,
470 1506 627 1597 quoniam
654 1503 816 1570 dubiosae
838 1527 905 1569 non
928 1499 1038 1583 erant,
1077 1501 1138 1569 sed
1171 1527 1253 1571 con-

172 1647 268 1689 sensu
302 1621 448 1687 omnium
479 1618 586 1685 Plauti
609 1643 681 1684 esse
709 1619 945 1684 censebantur:
989 1615 1149 1709 quasdam
1171 1618 1254 1684 item

162 1736 248 1802 alias
287 1736 448 1827 probavit,
490 1729 654 1829 avlduetus
695 1730 752 1799 filo
796 1749 896 1824 atque
938 1731 1055 1797 facetia
1092 1733 1252 1800 sermonis

169 1851 284 1916 Plauto
311 1849 540 1940 congruentia,
580 1872 701 1939 casque
726 1847 790 1913 iam
812 1847 1002 1913 nominibus
1026 1845 1166 1914 aliorum
1193 1872 1251 1915 oc-

157 1983 302 2057 cupatas
327 1962 442 2028 Plauto
469 1960 655 2040 vindicavit,
681 1960 777 2025 sicuti
798 1961 903 2038 istam,
932 1985 1032 2052 quam
1057 1964 1250 2055 nuperrime

101 2106 132 2157 15
167 2081 372 2172 legebamus,
407 2078 460 2144 cui
497 2093 546 2143 est
575 2099 697 2143 nomeu
722 2077 866 2141 Boeotia.
917 2074 1004 2145 Nam
1028 2103 1103 2144 cum
1125 2081 1159 2142 iu
1184 2076 1249 2143 illis

167 2219 229 2260 una
256 2214 288 2260 et
312 2194 425 2286 viginti
451 2216 519 2257 ιιοιι
545 2192 587 2256 sit
612 2206 645 2255 et
668 2186 740 2256 esse
766 2188 893 2281 aquilii
919 2189 1058 2271 dicatur,
1092 2192 1174 2257 nihil
1201 2213 1249 2260 ta-

166 2335 244 2376 men
277 2311 385 2374 Varro
423 2304 583 2374 dubitavit
617 2306 697 2397 quin
731 2304 838 2370 Plauti
871 2304 966 2372 soret.
1016 2306 1136 2400 Neque
1163 2306 1246 2373 alius

167 2422 340 2517 quisquam
375 2447 443 2488 non
470 2421 667 2518 infrequens
694 2419 800 2487 Plauti
831 2420 939 2489 lector
969 2419 1185 2502 dubitaverit,
1218 2423 1254 2503 si¹

165 2539 217 2606 vel
245 2539 305 2605 lius
328 2537 416 2604 solos
445 2563 485 2604 ex
508 2562 546 2602 ea
571 2535 682 2602 sabula
707 2560 824 2604 versus
851 2541 1051 2630 cognoverit,
1079 2540 1138 2632 qui
1160 2563 1246 2630 quo·

189 2677 294 2686 --.--·-.

164 2733 260 2784 diesem
279 2729 376 2785 Nemea
394 2731 465 2782 nicht
482 2734 575 2783 writer
592 2748 648 2784 vor.
755 2734 780 2786 5.
808 2735 877 2785 accii
899 2733 973 2787 barb.
1004 2734 1244 2788 itinerante.

118 2851 122 2863 ι
164 2818 234 2870 Cass.
267 2825 289 2868 l.
315 2820 409 2887 Sciopp
446 2821 503 2870 attii
529 2819 612 2869 liuell.
641 2822 696 2870 acii
723 2818 794 2891 Cass.
819 2820 844 2869 2.
957 2839 1037 2892 supra
1056 2823 1130 2874 vind.
1158 2823 1245 2874 Guell.

261 2905 301 2955 lais
321 2905 385 2971 ttag.
405 2906 458 2956 Vnt.
481 2904 555 2956 barb.
576 2905 648 2956 Gaas.
670 2906 694 2955 2.
714 2905 786 2956 viad.
807 2905 891 2956 Gueil.
913 2915 973 2957 ιιοιι
991 2909 1033 2960 iis.
1140 2910 1166 2962 6.
1186 2927 1247 2961 ere-

163 2992 274 3041 diturum
290 2975 568 3057 wirdausileg.1ind
588 2996 653 3044 liott.
673 2991 825 3061 angelum,
853 2992 920 3044 decb
937 2994 1007 3046 steht
1027 2996 1054 3046 in
1068 2993 1155 3059 jeuem
1176 2997 1246 3048 viei-

110 3146 112 3148 ,
163 3079 236 3130 mehr
253 3078 421 3141 creditenim,
445 3080 528 3130 werin
548 3080 634 3130 iudeus
655 3080 739 3130 uiciate
756 3080 864 3132 auderes
882 3097 914 3131 au
932 3080 1039 3133 cuchen.
1077 3081 1168 3134 Dicaea
1185 3083 1246 3135 Sin·
1302 3082 1307 3094 '

130 3157 132 3162 ’
164 3164 238 3232 galat
257 3163 375 3216 erschicn
395 3164 475 3215 sebon
497 3163 686 3216 Gronoven
704 3181 734 3216 ιο
754 3151 884 3234 geivlhlt‚
912 3166 971 3219 dass
996 3185 1024 3220 er
1046 3169 1097 3220 ihm
1117 3187 1149 3220 au
1168 3171 1247 3222 Liebe

163 3252 209 3302 tlaa
230 3252 429 3319 vorangehende
446 3252 593 3302 lectitarent
609 3257 654 3315 (ιο
672 3251 731 3303 lton
757 3254 822 3316 ilat,
840 3253 987 3305 bellarunt
1007 3254 1082 3322 Bag„
1111 3256 1244 3308 lectitave-

163 3348 225 3392 rant
242 3339 315 3394 barb.
332 3337 405 3391 Casa.
422 3336 495 3391 viat.
517 3337 602 3392 Gueli.
620 3339 706 3404 Line.)
726 3341 752 3390 in
769 3339 892 3393 lectitarit
907 3340 1031 3408 getnden
1051 3341 1135 3393 baben
1146 3343 1245 3395 wolite.

163 3425 216 3477 Der
233 3424 357 3476 ludicativ
377 3426 410 3476 ist
429 3424 570 3492 ailerdings
589 3424 689 3492 logisch
712 3440 757 3492 gar
779 3425 851 3476 nicht
875 3442 907 3476 au
929 3424 1131 3494 memmingen,
1157 3443 1187 3478 au
1207 3431 1246 3480 olt

164 3511 229 3562 auch
252 3512 298 3562 mit
317 3511 368 3561 ihm
386 3511 428 3561 dic
439 3509 519 3563 Stella
538 3510 584 3561 des
602 3511 699 3562 Gellius
716 3510 871 3563 wiederbolt
887 3511 1008 3563 werden:
1026 3521 1070 3577 (aa
1087 3514 1176 3581 wenig
1192 3516 1246 3565 wie

164 3606 232 3649 ctwa
247 3596 325 3662 xvii,
347 3597 388 3659 19,
408 3599 419 3648 1
439 3599 557 3648 videatur
574 3606 634 3648 atati
650 3599 827 3667 viderentur„
851 3597 913 3651 aber
930 3598 962 3649 da
982 3599 1101 3667 augleicia
1118 3601 1164 3652 der
1183 3601 1245 3654 Plu-

164 3684 201 3736 ral
220 3685 298 3734 durch
316 3685 367 3735 alic
387 3686 523 3736 Varianteu
541 3685 692 3753 durcbgebg
710 3685 776 3737 wird
796 3701 825 3738 ea
841 3687 966 3754 gentica
984 3689 1051 3750 sein,
1077 3687 1246 3741 absiehtiiche

164 3771 336 3839 Anweudung
357 3771 402 3822 der
419 3771 597 3823 Construction
618 3771 811 3843 anauuelunen,
839 3762 890 3824 vau
909 3775 955 3824 der
974 3772 1071 3825 Gellius
1089 3774 1170 3827 scibat
1191 3776 1211 3838 1,
1231 3778 1245 3828 l

164 3858 321 3911 ausliihriich
341 3858 468 3923 ΙιιιιιΙοΙιο,
489 3858 531 3911 dia
549 3851 619 3910 aber'
630 3857 907 3926 begreilicherWeiae
922 3859 986 3931 tiber
1003 3861 1053 3912 dea
1065 3861 1190 3913 llorizoat
1199 3862 1245 3913 der

165 3945 337 3999 Absehreiber
355 3944 445 3997 bimus
468 3946 519 4013 lag.
626 3945 789 4012 manibusque
807 3945 861 3998 Vat.
972 3949 1062 4016 inqeav'
1079 3948 1142 4016 fleg.

165 4032 190 4085 7.
209 4036 284 4086 lianc
304 4033 377 4085 Barb.
446 4034 471 4086 8.
490 4051 561 4085 esum
578 4033 642 4100 fleg.
658 4034 714 4085 ilat.
732 4033 806 4086 llari).
822 4033 895 4089 Cata.
908 4036 931 4086 1.
943 4035 969 4087 2.
989 4034 1064 4088 viad.
1082 4033 1165 4085 Gueif.
1185 4041 1246 4085 stati

165 4139 218 4173 esre
236 4139 316 4173 uruat.
415 4122 455 4173 10.
477 4121 544 4189 quod
560 4136 617 4173 cvm
633 4137 709 4171 sensu
728 4120 795 4188 lieg.
893 4123 932 4174 12.
949 4121 1067 4190 prebebit
1083 4118 1148 4187 Reg.

162 4264 206 4330 file
225 4264 289 4332 neg.
316 4264 373 4314 Vel.
399 4213 470 4351 libila
504 4263 570 4317 Rott.
597 4264 654 4316 stilo
678 4262 752 4314 Barb.
771 4263 844 4316 Cass.
868 4266 889 4315 1.
908 4265 933 4316 2.
952 4264 1025 4317 vind.
1136 4265 1177 4316 14.
1204 4268 1248 4318 isli

165 4366 229 4431 Rea,
335 4368 374 4418 15.
394 4367 478 4418 boetia
501 4368 565 4436 Reg.
583 4367 659 4420 viad.
676 4367 765 4419 larcia
785 4367 839 4419 vat.
861 4366 937 4421 Barb.
956 4366 1028 4421 ean.
1051 4373 1074 4420 1.
1180 4369 1248 4420 Nam

165 4455 212 4504 etsi
229 4469 285 4503 cvm
303 4455 332 4503 iu
349 4451 421 4505 uass.
440 4455 467 4505 2.
553 4456 582 4506 in
599 4468 649 4505 οιιι.
668 4452 742 4505 Barb.
760 4453 844 4506 Guelf.
877 4467 884 4487 1
933 4455 974 4508 16.
994 4454 1075 4523 aquili
1091 4454 1156 4522 lieg.
1174 4454 1246 4507 narb.

166 4591 241 4647 viad.
346 4602 440 4670 tamen]
464 4609 515 4650 tum
533 4597 616 4652 Guell.
635 4550 693 4696 ἐμοι
709 4599 783 4651 viad.
871 4599 912 4652 18.
932 4601 955 4652 ri
973 4600 1024 4671 cel]
1043 4601 1096 4653 rive
1113 4598 1246 4665 Raetiae
1271 4651 1273 4657 ,

166 4716 522 4783 Barb.viad.uecaaa.1.
593 4726 633 4779 19.
654 4744 687 4778 ea
707 4743 739 4779 ea
754 4726 845 4796 sabula
861 4745 948 4783 versae
968 4727 1031 4797 ¹¹²8·
1052 4735 1111 4780 stati
1129 4729 1246 4796 mes.
1286 4774 1289 4777 .
