2820 5332
159 676 229 749 560
475 702 515 743 tx.
568 701 619 743 mr
634 701 924 745 tarauroatrtour

158 890 299 965 repente
322 874 429 936 auimo
458 889 580 938 mutato

255 986 367 1053 Credo
394 988 438 1053 ait
463 992 579 1052 omnia
605 992 731 1061 istaec,
756 991 788 1052 st‘
813 991 895 1052 itast
926 1004 962 1052 at
986 1005 1022 1052 tu
1045 987 1253 1079 praedicas,

157 1138 193 1188 et
218 1121 313 1187 amici
340 1119 406 1184 fule
431 1118 573 1185 lirmiter
598 1121 661 1184 sibi
678 1144 835 1211 persuasa
861 1121 895 1184 iu
918 1121 1052 1212 gratiam
1071 1146 1148 1186 cum
1165 1120 1255 1188 Cal-

154 1238 233 1305 licle
261 1235 368 1302 rediit.
419 1238 486 1302 Aut
510 1236 618 1326 igitur,
646 1261 743 1327 quam
770 1234 878 1300 fidelis
902 1235 961 1300 ille
984 1235 1094 1316 suerit,
1120 1256 1252 1307 neutro

155 1354 230 1420 loco
258 1352 335 1419 sciri
364 1369 472 1443 potest
499 1368 554 1415 aut
575 1368 739 1442 utroque:
769 1369 805 1415 ut
830 1371 973 1432 corruat,
1001 1378 1085 1444 quae
1101 1355 1160 1418 ani
1178 1378 1252 1446 po-

156 1470 284 1534 steriori
325 1465 471 1532 adhibita
498 1468 539 1530 sit
567 1467 816 1556 argumentatio.
874 1468 1177 1534 Verumettimvero
1206 1471 1250 1550 si,

155 1583 237 1676 'quid
264 1608 317 1648 res
343 1584 414 1674 ipsa
439 1583 572 1656 iubeat,
599 1583 803 1673 quaerimus,
832 1607 898 1648 uon
931 1600 1041 1675 potest
1066 1609 1137 1648 mea
1165 1608 1251 1650 scu-

156 1700 255 1765 tentia
283 1697 350 1763 ullo
381 1715 478 1789 pacto
512 1695 651 1761 dubium
679 1722 767 1777 esse,
806 1695 991 1790 quiaillud
1014 1718 1134 1763 neutro
1161 1697 1244 1766 loco

155 1815 233 1880 sciri
260 1831 376 1906 queat,
401 1814 588 1905 meritoque
615 1814 648 1876 iu
675 1815 757 1877 mira
783 1811 838 1878 illa
866 1812 984 1878 fiducia
1010 1816 1245 1904 suspicacissi-

156 1956 227 1996 mae
263 1925 466 1995 diffidentiae
502 1926 688 2020 pedisequa
724 1930 903 1995 Grauertus
940 1929 1091 1994 haeserit.
1147 1932 1245 2012 Quae

156 2048 242 2110 enim
266 2044 402 2111 tandem
428 2061 504 2110 sunt
528 2047 643 2108 amaia
658 2047 773 2120 istaec,
800 2068 886 2135 quae
908 2069 943 2109 se
963 2044 1105 2112 credere
1129 2046 1243 2111 Char-

154 2159 263 2226 mides
289 2159 449 2226 affirmati
488 2157 622 2250 quando
658 2157 740 2242 nihil
769 2157 928 2225 Callicles
957 2160 1020 2225 nisi
1046 2160 1111 2225 hoc
1135 2184 1244 2225 unum

155 2275 259 2354 dixit,
293 2274 398 2339 fidum
423 2300 457 2339 se
484 2298 576 2353 esse,
608 2272 644 2338 id
672 2293 778 2339 autem
804 2298 847 2338 ne
872 2296 939 2339 uno
966 2272 1104 2366 quidem
1131 2275 1244 2340 verbo

153 2390 207 2456 vel
235 2388 411 2481 explicavit
435 2387 486 2453 vel
513 2390 751 2479 comprobavit.
816 2389 904 2480 Ergo
939 2390 1120 2456 Grauertus
1158 2414 1241 2454 cum

154 2507 244 2598 gravi
269 2502 387 2569 lacuna
412 2528 531 2568 scenae
555 2504 684 2568 initium
718 2503 951 2570 detruncatum
982 2504 1128 2595 putavit,
1162 2528 1244 2569 rem

155 2620 245 2715 quod
272 2620 363 2684 aiunt
388 2645 447 2685 acu
475 2621 590 2711 tetigit.
641 2622 713 2685 Nec
740 2645 804 2711 per
829 2645 864 2685 sc
889 2619 1128 2712 improbabiles
1155 2643 1242 2709 pro-

154 2737 280 2828 posuit,
321 2759 387 2826 quo
412 2759 485 2799 rem
521 2733 674 2826 exemplo
702 2733 907 2815 declararet,
945 2760 1022 2800 ase
1048 2734 1152 2800 laetos
1174 2733 1239 2800 ltos

156 2847 354 2918 versiculos:

251 2989 367 3055 Probo
394 3005 428 3055 ct
444 2990 552 3082 fideli
575 3007 610 3055 ct
623 2990 704 3082 stdo
729 3007 761 3055 et
786 3016 860 3054 cum
884 3015 1014 3081 magna
1029 2989 1120 3082 fida.

252 3103 299 3171 Id
323 3108 373 3169 ita
400 3130 472 3170 esse
496 3122 533 3170 ut
556 3104 697 3180 credas,
725 3105 834 3170 verbis
858 3096 964 3170 tribus
991 3106 1155 3193 effecero:

251 3222 340 3288 Nam
363 3237 510 3286 mentem
536 3225 603 3285 iam
629 3220 692 3286 tt'bt'
715 3220 798 3314 quid
818 3220 975 3301 turbarit,
999 3225 1165 3313 stupicor.

251 3336 330 3400 Emi
353 3353 487 3426 egomet
521 3335 646 3411 aedes,
681 3352 738 3411 ut,
773 3360 870 3429 quem
897 3353 932 3401 tu
967 3336 1048 3400 olim
1080 3336 1241 3404 abiturus

740 3452 820 3518 ltine

255 3567 463 3632 literatorum
488 3567 536 3633 ibi
559 3565 781 3643 abscondt'stt',
804 3591 976 3633 servarem
999 3566 1071 3633 tibi.

156 3705 223 3772 Sed
252 3708 310 3771 hos
339 3730 449 3771 versus
476 3692 568 3798 quod
595 3709 704 3799 excipi
728 3709 769 3772 ab
803 3706 862 3774 illo
895 3706 1015 3787 voluit,
1050 3705 1172 3774 leviter
1196 3712 1241 3775 ab

156 3825 248 3889 initio
277 3840 413 3896 mutatu,

252 3962 341 4031 Sed
364 3964 455 4029 salve
479 3979 512 4029 et
538 3963 665 4028 salvom
691 3980 724 4027 te
749 3962 930 4029 advenisse
955 3962 1102 4054 gaudeo,

155 4103 189 4168 id
217 4104 355 4195 probari
380 4105 507 4196 nequit.
559 4104 659 4169 [liant
686 4104 775 4170 caim
801 4106 883 4171 haec
911 4128 977 4169 non
1004 4102 1241 4172 mediocriter.

153 4219 198 4283 Vt
219 4218 332 4309 paucis
361 4217 585 4310 complectar,
619 4237 785 4286 nonanta
813 4219 901 4285 hunc
927 4217 1044 4283 lacuna
1067 4235 1134 4295 est,
1180 4219 1245 4285 sed

153 4352 229 4425 post
256 4360 349 4413 eum,
383 4361 445 4400 nec
474 4333 653 4400 divellendi
681 4352 757 4400 sunt
777 4332 891 4400 Probo
917 4351 951 4400 ct
972 4333 1098 4420 fideli.
1126 4383 1133 4398 .
1157 4381 1166 4398 .
1197 4387 1206 4404 .
1235 4385 1244 4400 .

153 4449 199 4514 Et
223 4449 314 4515 salve
342 4467 374 4515 et
401 4497 435 4514 ..
459 4500 466 4514 .
495 4498 534 4514 ..
561 4452 656 4530 Nam,
682 4476 722 4516 ne
748 4448 827 4542 qititl
856 4475 959 4528 erres,
985 4451 1031 4516 Et
1057 4447 1141 4513 illud
1169 4475 1243 4517 noa

152 4565 257 4657 iungit
283 4565 372 4630 huuc
397 4590 470 4630 cum
496 4567 608 4658 priore
635 4591 743 4643 versu,
767 4564 825 4630 sed
853 4567 1005 4657 proximo
1031 4581 1064 4628 et
1079 4563 1241 4632 refertur.

152 4680 314 4772 Equibus
339 4684 566 4774 consequitur,
595 4700 629 4747 ut
651 4680 819 4775 aliquanto
842 4679 928 4774 plus,
955 4707 1054 4774 quam
1070 4679 1240 4749 Grauerto
