2820 5332
241 695 312 779 Ι548
555 721 595 760 tx.
647 719 688 761 oa
716 715 1001 760 soranaoaamona

241 892 398 958 ordinem
422 906 458 955 nt
485 905 672 982 aequumst,
697 889 758 955 v.3
782 887 957 978 digrtamst
982 904 1016 951 et
1037 903 1128 961 sont,
1154 912 1180 949 v.
1200 886 1222 951 5
1249 883 1334 948 abs-

239 1033 304 1100 que
317 1010 422 1094 soret
446 1023 479 1070 te
503 1021 569 1085 sat,
598 1021 630 1071 et
655 1031 672 1070 a
699 1031 740 1069 m.
758 1030 807 1096 pr.
835 1004 950 1068 altam.
987 1003 1089 1068 Primi
1117 1019 1225 1065 autem
1253 1028 1334 1066 ver-

239 1149 293 1190 sus
315 1123 415 1188 verba
441 1140 590 1187 extrema
615 1137 650 1185 et
672 1120 794 1185 nobilis
820 1118 913 1200 apud
935 1118 1088 1183 homines
1115 1142 1187 1183 cnm
1226 1115 1332 1181 intel-

240 1236 297 1328 ligi
322 1260 390 1302 non
423 1255 576 1328 possent,
617 1255 772 1326 suscepta
805 1236 929 1300 Brantii
965 1233 1143 1298 mutatione
1177 1231 1331 1296 nobilem

238 1356 315 1419 satis
342 1371 376 1418 et
398 1352 540 1419 licenter
567 1371 600 1418 et
625 1354 798 1416 invenuste
825 1351 960 1417 Bothius
988 1351 1035 1414 sic
1060 1350 1209 1440 scripsit:

339 1465 452 1560 Atque
475 1468 565 1533 bane
586 1467 734 1557 gloriam
766 1483 858 1531 taam
896 1484 980 1531 ante
1011 1463 1148 1530 auribus
1174 1462 1328 1528 nobilem

758 1587 825 1648 iam
857 1606 1054 1673 acceperam
1078 1579 1127 1643 ad
1152 1580 1328 1645 homines:

221 1698 489 1791 =spurcissimum
527 1717 636 1766 autem
669 1723 801 1765 semum
835 1697 1083 1764 Lindemannos
1123 1695 1213 1762 hune
1245 1720 1330 1786 pro·

242 1814 355 1879 cudit:

337 1928 451 2023 Atque
477 1955 542 2021 ego
568 1930 659 1994 harro
684 1945 777 1993 tuam
802 1928 951 2018 gloriam
978 1930 1046 1990 iam
1078 1943 1161 1992 ante
1187 1951 1330 2018 accepe-

734 2068 809 2108 ram
835 2042 981 2107 nobilem
1007 2041 1099 2133 apud
1123 2043 1288 2108 homines.

241 2164 416 2228 Praeterea
449 2186 568 2253 parum
597 2158 762 2226 credibile
789 2177 838 2225 est
870 2182 935 2224 uno
963 2157 1107 2224 dimetro
1135 2161 1332 2225 octonario-

242 2301 338 2356 rum,
365 2278 526 2370 equibus
552 2277 638 2341 haec
666 2300 765 2340 scona
792 2292 939 2350 constat,
976 2273 1186 2366 aequabilem
1220 2276 1333 2341 conti·

243 2392 401 2457 nuitatem
427 2392 589 2456 turbatam
621 2414 707 2457 esse:
743 2388 778 2454 id
806 2390 898 2481 quod
924 2393 957 2454 in
987 2389 1210 2457 diversissima
1235 2408 1333 2454 cete-

241 2508 340 2598 roqui
366 2506 487 2571 horum
514 2531 664 2571 versuum
701 2505 921 2596 dispositione
948 2505 1012 2570 illis
1041 2505 1176 2597 quidem
1203 2506 1332 2570 criticis

245 2645 421 2687 commune
451 2640 500 2686 est
517 2647 590 2688 cum
618 2621 821 2686 Camerario.
873 2621 904 2683 ls
933 2622 1020 2685 enim
1044 2647 1118 2687 cum
1145 2621 1328 2688 dimetrum

243 2736 294 2800 his
322 2738 429 2801 vorbis
458 2735 769 2827 comprehenderit:
810 2733 879 2800 Abi
911 2735 1013 2800 lando
1047 2741 1111 2802 scis
1139 2736 1261 2803 ordine
1288 2756 1328 2803 ut

243 2868 431 2944 aequomst,
458 2853 594 2918 Bothius
622 2852 780 2918 absonam
808 2876 947 2943 prorsus
974 2851 1111 2917 sormam
1129 2853 1333 2944 hypercata-

244 2968 364 3036 lectam
394 2970 563 3034 constituit
588 2967 728 3059 Semper
753 2967 918 3033 mendicis
944 2967 1089 3033 modesti
1121 2972 1217 3043 sint,
1250 2971 1332 3033 Lin-

247 3084 428 3150 demannus
455 3101 564 3149 autem
593 3086 639 3148 sic
661 3083 993 3149 certissimoscilioet
1018 3087 1216 3148 coniectura
1240 3082 1330 3175 (ipse

249 3203 336 3265 enim
363 3197 419 3282 ait)
448 3197 680 3290 conglutinatis
707 3201 837 3264 duobus
865 3201 1054 3265 enuntiatio:
1130 3202 1131 3206 ’

344 3313 484 3404 Semper
510 3312 673 3377 mendicis
708 3312 868 3377 modestis
889 3313 988 3404 fidus
1017 3317 1145 3401 fuisti,
1184 3312 1330 3404 infidum

740 3454 812 3494 esse
835 3433 982 3493 iterant:

248 3542 425 3608 dimetrum
449 3544 551 3609 voluit
577 3545 665 3607 hunc
689 3570 775 3610 esse:
805 3547 894 3610 Nam
919 3543 1044 3636 absque
1068 3547 1164 3622 foret
1191 3562 1250 3619 te,
1272 3563 1328 3609 sat

246 3663 316 3723 scio
339 3663 374 3723 in
403 3660 482 3724 alto.
528 3660 651 3725 Contra
679 3660 850 3751 praeclare
878 3663 995 3725 esitato
1023 3661 1086 3726 hoc
1114 3662 1332 3727 incommodo

244 3776 540 3865 ingeniosissimam
577 3776 659 3839 viam
696 3776 901 3839 Hermannus
936 3777 1102 3867 ingressus
1138 3778 1237 3841 verba
1271 3777 1329 3841 illa
1376 3830 1377 3833 ,

246 3887 368 3955 nobilis
390 3888 482 3980 apud
506 3891 680 3965 homines,
706 3908 741 3955 ut
767 3889 810 3956 de
838 3916 893 3954 sua
920 3889 1001 3956 sede
1030 3893 1182 3968 traiecta,
1213 3893 1332 3959 ascivit

247 4001 289 4068 ad
315 4004 471 4071 inferiora
496 4032 569 4072 cum
595 4007 702 4097 iisque
730 4007 762 4070 io
796 4008 880 4072 hano
917 4006 1102 4073 tetrametri
1128 4023 1337 4074 structurae·

249 4145 316 4212 que
345 4122 493 4211 speciem
519 4122 639 4186 iunxit:

471 4213 474 4224 Ι
837 4232 901 4301 Ιιόι·
923 4236 975 4301 dis
1002 4236 1196 4327 dignumst:

345 4347 486 4442 Semper
511 4347 677 4418 mendicis
715 4352 860 4418 modesti
885 4371 921 4418 nt
946 4348 1044 4428 sint,
1081 4377 1176 4418 secas
1203 4349 1340 4421 nobilis

836 4467 930 4560 apud
954 4468 1116 4534 homines.

249 4582 294 4669 Ita
317 4607 359 4646 ne
386 4598 420 4646 et
445 4583 580 4674 quidem
604 4582 688 4648 illud
716 4583 908 4677 neglectum
923 4603 981 4664 est,
1008 4611 1047 4651 ex
1070 4602 1106 4651 ot
1120 4603 1335 4677 corruptum,

247 4695 354 4787 solnm
381 4716 489 4765 autem
512 4723 607 4764 secus
631 4717 769 4790 praeter
794 4701 898 4769 libros
933 4700 1091 4768 additum.
1150 4701 1242 4767 Nihil
1275 4730 1337 4771 au-
