2820 5332
166 728 183 739 =
253 692 325 764 ott
574 720 615 765 tx.
665 721 708 764 nst
733 720 1022 776 tureamuarronr

250 893 353 972 Vetns
375 891 481 960 codex
508 917 582 959 cum
610 891 758 960 editione
783 893 891 984 princ.
916 910 1103 973 servarunt,
1130 893 1219 962 baud
1247 917 1330 964 cuu-

251 1026 378 1074 ctauter
403 1032 475 1072 eam
502 1008 598 1072 etiam
623 1008 738 1073 ricinis
763 1008 914 1075 versibus
935 1008 1183 1075 restituendam.
1227 1013 1331 1077 Pseu-

249 1121 321 1188 doli
344 1148 479 1215 quoque
505 1123 530 1201 l,
549 1129 579 1201 1,
599 1122 643 1192 91
672 1121 839 1209 dtrfrudes
862 1123 965 1190 Vetus
990 1125 1138 1216 praebet,
1164 1126 1327 1220 idemque

249 1237 451 1304 Bacchidem
476 1264 573 1304 versu
600 1263 641 1304 ex
666 1263 733 1303 uno
758 1258 849 1305 certe
867 1240 1020 1305 Lambini
1039 1240 1155 1307 codice
1183 1242 1327 1311 allertur.

249 1350 294 1417 Vt
316 1377 385 1419 non
411 1353 478 1420 ullo
505 1352 607 1421 modo
633 1352 854 1419 dubitandum
879 1355 939 1434 sit,
973 1357 1054 1448 quin
1079 1375 1169 1423 recte
1194 1384 1231 1423 ea
1257 1360 1328 1425 for-

248 1495 303 1536 ma
329 1471 425 1535 etiam
451 1471 522 1535 sine
547 1467 641 1535 libris
663 1488 841 1535 revocetur
860 1467 973 1540 Aulul.
999 1496 1028 1537 r.
1056 1495 1094 1550 c.,
1120 1474 1207 1537 Asin.
1235 1455 1278 1553 ll,
1293 1477 1328 1554 2,

247 1586 295 1658 oo
324 1604 357 1652 a
381 1585 464 1652 rud.
491 1585 531 1666 v,
557 1588 590 1665 3,
616 1585 673 1653 31.
699 1572 781 1652 60.¹

347 1699 511 1766 lllunciue
543 1700 642 1792 igitur
665 1696 852 1767 Trinummi
874 1724 1004 1768 versum
1033 1697 1149 1767 credas
1172 1700 1328 1793 cuiquam

254 1815 435 1909 displicere
467 1817 637 1908 potuisse?
694 1816 858 1882 Nimirum
889 1840 959 1883 non
984 1833 1034 1883 est
1058 1832 1326 1894 consentaneum,

246 1950 355 1999 semet
378 1934 487 2024 ipsum
512 1930 638 1997 fraudis
664 1956 856 2024 quenquam
879 1933 1043 1999 incusare.
1063 1934 1107 1998 At
1119 1956 1199 1999 vero
1215 1931 1325 2024 plum·

246 2049 329 2114 bens
343 2047 396 2114 ‘sit
421 2064 563 2140 oportet,
590 2049 648 2139 qui
673 2049 846 2139 propriam
868 2048 933 2115 vim
948 2038 993 2114 ¹et
1012 2065 1214 2114 venustatem
1229 2048 1325 2113 buius

245 2165 460 2231 incusationis
484 2188 552 2230 nou
574 2165 800 2255 persentiscat.
851 2165 991 2229 Dixerat
1015 2164 1219 2229 Lesbonicus
1246 2191 1275 2228 r.
1289 2165 1324 2241 9,

246 2279 316 2344 istis
341 2281 454 2356 rebus,
481 2302 562 2368 quas
588 2305 618 2343 v.
643 2279 665 2344 5
688 2299 763 2369 sqq.
790 2278 949 2344 Stasimus
975 2277 1216 2356 cumulaverat,
1255 2302 1324 2343 nou

244 2393 321 2487 plus
346 2417 406 2459 sex
431 2395 534 2459 minis*
555 2410 788 2485 consumptum
816 2418 898 2459 esse.
929 2392 1136 2461 Addendum
1164 2419 1234 2459 esse
1251 2417 1324 2459 mo-

243 2524 303 2575 net
327 2532 457 2587 servus,
497 2506 589 2601 quod
617 2525 724 2573 scorta
757 2508 961 2599 acceperint.
1024 2507 1062 2572 ld
1089 2507 1146 2573 illa
1178 2509 1321 2598 pecunia

244 2624 310 2687 iam
337 2622 618 2714 comprehensum
646 2646 717 2687 esse
741 2647 816 2687 erus
839 2620 1034 2714 respondet
1062 2623 1129 2688 lam
1155 2622 1323 2699 Stasimus,

246 2740 300 2804 cui
325 2738 408 2804 lraec
434 2740 540 2805 omnis
566 2740 767 2828 computatio
802 2762 869 2803 uon
892 2756 1005 2829 potest
1029 2764 1097 2805 nou
1119 2738 1322 2830 permolesta

242 2880 326 2934 esse,
352 2855 393 2919 ab
420 2878 459 2920 eo
485 2857 647 2919 sermonis
673 2870 865 2946 argumento
891 2852 1140 2921 adulescentem
1169 2856 1195 2917 si
1222 2855 1324 2921 modo

244 2962 351 3062 possit
375 2987 585 3047 evocaturos,
622 2986 656 3033 et
690 2972 874 3060 quousque
889 2968 1052 3062 progredi
1077 2967 1176 3034 liceat
1202 2993 1325 3059 exper-

245 3105 348 3164 turus,
375 3083 494 3151 callide
519 3083 724 3175 impudentia
753 3101 785 3148 et
809 3087 897 3149 inter
923 3085 1033 3150 iocum
1047 3086 1237 3176 seriumque
1253 3110 1324 3148 am-

245 3201 343 3294 bigua
378 3199 505 3293 aliquid
540 3198 626 3265 ultro
662 3199 812 3266 confiteri
843 3199 964 3266 mavult
1000 3226 1097 3293 quam
1134 3203 1323 3267 continuata

241 3320 422 3385 Lesbonici
454 3317 647 3410 quaestione
679 3313 803 3380 fraudis
836 3340 914 3382 suae
949 3318 1046 3382 totius
1072 3318 1234 3382 convinci.
1285 3319 1324 3380 ln

243 3434 330 3499 banc
355 3434 454 3524 igitur
477 3450 604 3524 partem
631 3429 687 3496 illa
714 3429 838 3497 ralent:
877 3431 990 3522 Quid,
1028 3431 1120 3526 qnod
1153 3456 1218 3522 ego
1235 3436 1321 3518 sru-

242 3547 349 3613 davi?
381 3549 461 3612 Mox
487 3565 596 3611 tamen
622 3571 690 3613 non
716 3549 793 3612 satis
820 3564 888 3613 tuto
914 3546 976 3614 hac
1003 3547 1142 3641 quidem
1169 3552 1217 3614 ria
1240 3574 1322 3641 pro·

244 3658 321 3728 cedi
355 3663 501 3745 sentiens
536 3659 722 3746 (minaciter
748 3664 836 3726 enim
861 3661 915 3727 vel
946 3665 1108 3729 morosius
1146 3680 1237 3730 certe
1263 3689 1322 3730 re·

244 3776 413 3870 spondere
441 3775 593 3841 domiuus
619 3774 694 3840 leem
717 3779 821 3840 istaec
846 3781 936 3841 ratio
961 3793 1152 3843 maxumast
1179 3777 1322 3845 creden-

241 3893 321 3977 dus)
349 3891 498 3958 simulata
525 3874 704 3959 honesietis
736 3893 850 3984 specie
887 3909 920 3958 et
953 3892 1201 3984 propemodum
1232 3890 1323 3958 indi-

151 4008 154 4015 ’
242 4007 438 4103 gnabundus
465 4009 614 4102 quamvis
639 4006 764 4074 fraudis
780 4008 1004 4100 suspicionem
1029 4007 1218 4101 longissime
1243 4035 1260 4073 a
1283 4035 1319 4074 se

241 4123 440 4217 propulsare
464 4125 594 4202 studet,
627 4142 660 4189 et
685 4143 838 4215 tanquam
866 4124 1087 4190 sanctissimus
1112 4147 1240 4189 morum
1265 4150 1322 4189 ca-

243 4244 378 4334 stigator
405 4241 501 4333 culpa
536 4238 737 4333 dilapidatae
774 4241 937 4332 pecuniae
960 4243 994 4306 in
1020 4242 1130 4332 ipsum
1155 4241 1322 4306 Lesboni-

242 4381 316 4424 cum
345 4361 432 4422 omni
460 4354 613 4423 translata
638 4379 769 4420 rursum
796 4355 1006 4422 haereticae
1038 4381 1075 4423 se
1102 4379 1203 4448 posse
1231 4355 1323 4425 elabi

243 4491 362 4566 sperat
415 4473 488 4538 Huc
510 4471 597 4537 euim
623 4496 651 4536 v.
681 4472 726 4538 12
745 4496 819 4562 sqq.
846 4488 1013 4563 spectant:

262 4588 266 4600 '
340 4589 421 4655 Non
445 4586 508 4652 tibi
528 4585 612 4652 illud
635 4609 818 4678 apparere,
844 4590 876 4651 si
895 4610 1020 4663 sumas,
1043 4603 1173 4680 potest:

342 4703 420 4771 Nisi
444 4720 480 4768 tu
506 4703 696 4768 immortale
721 4725 798 4768 rere
824 4725 896 4768 csse
921 4720 1107 4796 argentum
1129 4703 1200 4776 titt
