2820 5332
448 631 613 673 scauvam
643 632 837 675 assaumis.
1112 608 1183 679 519

103 826 164 867 nes
186 825 253 866 non
279 803 385 892 possit
409 827 563 885 noscere,
589 822 769 896 propterea
796 805 888 872 illico
903 808 1185 898 suspicetusami-

107 941 163 983 cos
190 916 280 982 esse?
323 952 370 964 -
419 917 508 1000 Quid
535 921 671 987 autem?
701 920 743 987 de
769 920 984 987 hominumne
1008 923 1186 1015 generibus

107 1056 217 1099 sermo
244 1050 293 1098 est
302 1082 311 1110 ,
338 1057 480 1123 quorum
506 1059 586 1100 sane
610 1060 678 1101 non
705 1035 827 1127 triplex
855 1052 989 1113 tantum,
1017 1039 1044 1102 si
1070 1036 1188 1103 volun·

106 1164 204 1213 tatem
232 1164 373 1239 spectas,
397 1147 456 1213 scd
484 1149 683 1241 quintuplex
709 1149 795 1217 adeo
820 1151 894 1217 fieri
912 1153 1045 1242 partitio
1066 1169 1186 1244 potest,

105 1290 146 1328 an
172 1262 215 1329 ‹le
240 1265 420 1330 amicorum
446 1265 553 1356 potius
580 1285 612 1332 et
639 1266 857 1346 familiarium,
884 1265 927 1332 de
953 1269 1074 1359 quibus
1106 1267 1185 1333 solis

105 1377 343 1470 Megaronides
370 1380 576 1470 quaesierat?
620 1383 721 1473 Atqui
747 1385 782 1447 in
807 1383 925 1448 horum
952 1382 1090 1474 quidem
1119 1409 1187 1450 non

106 1495 207 1586 magis
234 1519 332 1585 quam
358 1494 393 1559 in
417 1496 626 1562 inimicorum
651 1522 792 1564 numero
828 1498 945 1563 haberi
981 1497 1050 1565 ullo
1084 1498 1186 1567 modo

102 1610 125 1674 ii
151 1625 309 1700 possunt,
336 1609 393 1702 qui
416 1608 457 1675 ad
486 1627 591 1675 utram
617 1628 746 1702 partem
771 1614 961 1704 pertineant
984 1612 1185 1705 planissimis

106 1725 216 1788 verbis
249 1726 395 1816 ignorari
430 1723 574 1804 dicatur,
614 1751 678 1793 nec
710 1725 910 1818 suspicando
952 1729 1053 1819 magis
1089 1753 1189 1820 qnam

106 1838 245 1904 sciendo
270 1855 418 1930 possunt.
471 1842 558 1934 Ergo
585 1842 683 1934 igitur
709 1841 777 1908 duo
804 1840 902 1907 simul
928 1843 990 1910 ltac
1013 1867 1189 1936 argumen-

107 1955 228 2020 tatione
256 1955 459 2022 efficiuntur:
494 1974 528 2021 nt
554 1975 586 2022 et
610 1974 691 2021 suist
713 1956 864 2024 voculam
889 1985 906 2023 a
934 1987 960 2024 v.
987 1961 1033 2028 55
1070 1960 1185 2025 seiun-

108 2067 250 2160 gendum
277 2093 357 2146 esse,
385 2086 417 2134 et
433 2070 581 2162 ineptam
607 2097 681 2137 esse
707 2069 881 2138 versusftll
908 2075 1101 2139 senteutiam
1126 2099 1187 2164 ap·

107 2202 229 2275 paseat.
281 2187 347 2250 Pro
374 2211 438 2277 qua
465 2185 536 2251 talis
564 2189 690 2277 potius,
714 2188 741 2251 si
766 2186 868 2253 modo
890 2186 1038 2279 aliquid,
1066 2213 1189 2278 exspe-
1272 2272 1278 2283 Ι

112 2316 233 2366 etatae:
257 2317 338 2365 sunt
363 2324 446 2393 quos
469 2305 632 2394 suspicor,
659 2326 800 2394 quorum
826 2320 941 2368 tumen
969 2307 1111 2393 ingenia
1134 2320 1189 2368 ut·

111 2437 174 2503 que
200 2419 333 2479 animos
359 2439 429 2479 non
454 2440 589 2503 possum
611 2441 765 2490 noscere,
792 2422 989 2481 certinean
1012 2422 1188 2483 nonsatis

108 2533 195 2594 certi
219 2533 321 2593 antici
342 2534 423 2594 sint.
465 2529 540 2596 Non
567 2549 644 2596 sunt
670 2532 758 2596 enim
788 2532 945 2598 continuo
971 2533 1104 2611 inimici,
1129 2533 1187 2625 qui

108 2670 175 2710 non
202 2647 277 2710 satis
305 2647 385 2710 certi
413 2646 520 2711 amici.
565 2649 635 2713 Nec
661 2645 730 2713 ullo
758 2645 858 2713 modo
878 2671 941 2737 pei·
967 2649 1188 2739 praepositio-

107 2764 159 2826 nis
185 2762 247 2825 iam
271 2760 370 2827 lenita
397 2778 447 2826 est
471 2763 722 2854 importunitas,
756 2762 858 2828 multo
887 2767 982 2827 etiam
1011 2766 1110 2855 magis
1136 2789 1188 2828 sa-

109 2902 185 2944 nam
204 2879 365 2944 rationem
383 2878 616 2969 pervertentis.
655 2879 718 2944 Cui
738 2880 782 2943 ita
809 2895 933 2943 tantum
952 2875 1071 2970 aliquis
1093 2875 1187 2944 locus

110 3017 182 3058 esse
207 2993 326 3083 possit,
364 3009 400 3057 ut
422 2990 464 3056 ad
493 3017 589 3056 unam
613 2993 807 3072 amicitiam,
842 2990 994 3057 similiter
1024 3017 1064 3058 ac
1090 3017 1209 3083 supm

110 3107 384 3199 significabamus,
410 3105 500 3172 velut
516 3108 562 3172 sic
581 3107 757 3173 reseratur:
786 3106 834 3173 ad
852 3111 1035 3172 anticorum
1051 3123 1198 3199 partem'

107 3216 313 3315 perveniant
351 3247 398 3286 ait
431 3220 479 3287 ad
503 3225 715 3287 inimicorum
740 3223 855 3316 aliquo
881 3221 983 3287 inodo
1008 3223 1199 3292 inclinent·
1251 3306 1253 3313 Ι

109 3339 236 3436 Quibus
263 3338 417 3437 omnilms
438 3336 590 3419 accedit,
623 3339 681 3430 qui
712 3363 779 3407 non
805 3355 918 3429 potest
943 3363 1010 3405 non
1037 3340 1190 3430 gravissi-

108 3479 181 3519 mae
208 3453 380 3520 offensioni
407 3479 498 3534 esse,
533 3453 699 3520 inauditus
731 3453 787 3519 ille
820 3479 896 3520 usus
931 3451 1106 3549 singularis
1128 3478 1191 3519 nu·

108 3572 209 3636 meri:
237 3568 285 3634 ud
308 3572 477 3634 amici-
498 3573 636 3636 inimici
657 3585 805 3662 partem,
830 3595 893 3662 pso
919 3595 985 3662 quo
1005 3573 1190 3636 a'micoram

112 3702 146 3749 et
170 3689 383 3751 inimicorum
407 3686 609 3777 requirimus
636 3703 672 3751 ut
697 3684 788 3778 quod
822 3686 975 3750 maxime.
1026 3686 1097 3750 Nec
1131 3709 1189 3749 ve-

110 3799 252 3866 rendum
277 3801 417 3880 videtur,
443 3806 657 3868 neanticam
684 3821 717 3869 et
739 3805 933 3877 inimicam,
958 3800 993 3864 in
1019 3797 1111 3891 quod
1139 3799 1190 3869 ln·

112 3913 227 3981 cidere
255 3918 435 4009 cuiuspiam
456 3919 647 3984 coniectura
673 3918 783 4006 possit,
811 3913 862 3979 vel
890 3915 931 3979 ab
947 3931 1082 3979 externa
1099 3915 1190 3981 simi·

110 4029 251 4096 litudine
278 4035 345 4096 veri
373 4031 501 4123 placeat
525 4032 577 4098 sel
605 4058 621 4095 a
648 4029 811 4120 loquendi
844 4055 971 4122 genere
1004 4028 1188 4109 satisfaciat,

111 4146 202 4238 quod
229 4172 247 4210 a
275 4147 357 4211 vitae
392 4174 453 4213 usu
487 4149 722 4238 communique
751 4145 996 4213 cousuetudine
1016 4145 1187 4212 abhorret.

113 4265 204 4344 Quae
233 4287 305 4327 cum
332 4263 376 4327 ita
401 4267 481 4331 sint:
509 4265 664 4354 quoniam
692 4288 777 4355 quae
798 4264 830 4327 in
846 4261 941 4327 libais
958 4262 1081 4353 scripta
1103 4278 1189 4340 sunt,

111 4404 222 4444 sanam
245 4379 441 4445 sententiam
468 4404 535 4445 non
569 4379 711 4455 habent,
749 4406 835 4472 quiae
871 4398 981 4445 autem
1006 4379 1190 4444 necessasia
1245 4426 1248 4431 -

111 4512 160 4560 est
184 4496 357 4591 sententia,
386 4519 403 4559 e
431 4493 594 4560 libroruin
621 4478 783 4586 scriptura
809 4495 893 4559 effici
916 4492 1189 4560 uullismacltinis

111 4627 240 4703 potest:
267 4608 348 4674 nihil
372 4609 436 4676 iam
462 4627 575 4689 restat,
598 4611 660 4676 nisi
678 4628 713 4679 ut
726 4610 805 4677 oliui
823 4608 1049 4702 explicationis
1073 4632 1186 4675 caussa
