2820 5332
167 666 238 740 594
501 695 529 734 x.
582 694 624 751 or
651 692 781 736 cantro
810 691 908 735 extre

166 869 250 934 uerit
274 883 419 959 poetam.
445 863 539 929 Fecit
562 860 599 926 id
627 877 735 928 antem
759 860 908 930 Bothios.
934 863 964 929 Α
989 884 1056 955 quo
1083 863 1128 928 ita
1150 861 1267 945 distat

164 981 319 1049 Crauerti
338 982 440 1059 ratio,
472 996 508 1045 ιιι
541 977 656 1043 tertius
687 976 785 1045 simul
815 993 849 1044 et
875 975 1043 1045 secundus
1068 1002 1190 1056 umens
1214 979 1262 1050 ab

163 1120 231 1165 uno
255 1093 430 1189 Pamphilo
455 1093 732 1186 pronuntientur,
764 1094 821 1186 qui
848 1116 916 1163 non
940 1119 958 1159 ιι
980 1118 1052 1161 sese
1079 1095 1263 1165 Chreme·

163 1230 249 1293 tem,
283 1211 345 1279 sed
371 1211 591 1278 aCbremete
619 1226 725 1275 semet
748 1206 894 1291 alienum
918 1211 1038 1290 fuisse,
1074 1227 1263 1280 ettamen

164 1353 238 1394 eom
263 1325 370 1421 qualis
395 1326 494 1393 suerit
518 1324 649 1392 novisse
676 1323 851 1417 significet.
899 1325 944 1393 At
963 1349 1007 1395 ne
1033 1304 1262 1418 sicquidem

164 1443 325 1511 Chremes
356 1441 464 1535 potuit
498 1464 614 1508 eorum
646 1437 952 1509 confirmandorum
986 1466 1118 1520 caussa,
1160 1468 1259 1535 quae

81 1636 89 1652 x
162 1556 291 1624 dixerut
315 1554 526 1648 Pamphilus,
555 1557 607 1620 ita
630 1577 685 1620 res
709 1571 761 1620 est
785 1553 1012 1648 respondere:
1040 1555 1131 1623 unde
1158 1559 1257 1633 enim

160 1671 327 1766 Pamphili
352 1673 386 1736 in
412 1695 447 1739 se
472 1671 617 1739 animum
647 1672 770 1741 rectius
804 1694 904 1764 quam
936 1669 995 1739 ille
1029 1672 1102 1765 ipse
1128 1675 1256 1743 noret?

159 1789 339 1856 Praeterea
363 1811 430 1854 non
451 1787 559 1879 potuit
584 1789 668 1855 haec
700 1786 808 1854 omnis
833 1788 916 1855 ratio
940 1788 1004 1855 nisi
1029 1789 1078 1855 sic
1103 1789 1253 1871 institui,

159 1920 196 1968 ιιι
220 1906 348 1994 primns
370 1927 485 1970 vorsus
511 1905 760 1971 continuaretur
784 1902 953 1982 Charino,
988 1902 1108 1997 isque,
1142 1905 1253 1998 quale

160 2043 255 2085 suum
290 2018 482 2085 Chremetis
508 2017 653 2083 studium
687 2016 833 2085 futurum
857 2035 969 2096 esset,
1002 2018 1092 2087 bunc
1117 2045 1250 2113 exspe-

159 2153 247 2201 ctare
273 2135 411 2200 inheret
458 2133 560 2224 Atqui
585 2132 651 2199 hoc
677 2132 800 2223 quibus
825 2131 987 2199 machinis
1013 2133 1147 2203 efficere
1176 2153 1250 2203 tum

156 2249 293 2316 Bothios
319 2267 386 2315 tum
414 2248 598 2314 Grauertns
624 2248 733 2314 conati
757 2250 833 2327 siut,
855 2271 958 2339 supra
979 2246 1131 2318 vidimus.
1172 2252 1248 2319 Nos

157 2381 281 2442 autem,
306 2365 363 2456 qui
389 2387 451 2428 uec
477 2360 640 2428 librorum
663 2364 862 2455 scripturam
886 2387 952 2457 quo
976 2363 1153 2457 adunque
1180 2365 1244 2430 ha·

157 2480 294 2546 beamus
321 2480 380 2571 qui
413 2479 474 2543 arti
501 2478 768 2557 convenientius,
807 2503 909 2572 quum
940 2482 990 2547 sic
1025 2497 1061 2549 ut
1089 2479 1245 2562 fecimus,

157 2595 370 2688 corrigemus,
397 2618 470 2672 nec,
496 2593 524 2657 si
551 2592 687 2659 Charini
712 2595 821 2686 potius
842 2618 940 2686 qnam
959 2595 1149 2662 Chremetis
1168 2611 1245 2660 stu-

157 2709 250 2776 dium
274 2709 496 2802 significetur,
537 2709 654 2774 abesse
678 2734 777 2800 posse
803 2734 912 2775 meum
942 2736 1131 2803 pronomen
1158 2736 1244 2779 con-

158 2824 336 2905 cedamus,
362 2827 459 2889 missa
485 2822 621 2891 facimus
649 2826 730 2890 mira
756 2826 815 2890 ista
842 2845 1028 2893 commenta
1051 2829 1184 2908 omnia,
1210 2846 1248 2896 ct

158 2939 285 3006 tamdiu
300 2954 412 3005 nostra
431 2939 561 3004 invente
581 2940 777 3017 tenebimus,
801 2937 913 3007 donec
938 2939 1076 3009 meliore
1101 2941 1245 3010 fortasse

154 3055 274 3149 aliquis
299 3055 507 3120 Hermaunus
528 3079 589 3119 nos
616 3047 848 3138 edocuerit.*)

254 3168 381 3255 Quodsi
407 3196 423 3236 a
451 3171 589 3262 pristina
614 3168 718 3236 sorma
744 3194 811 3237 non
837 3171 974 3238 nimium
999 3172 1119 3240 abesse
1146 3171 1244 3242 vide·

155 3287 280 3352 buntur
304 3309 416 3352 versus
442 3311 460 3349 a
485 3285 581 3352 nobis
608 3286 792 3377 propositi,
831 3286 930 3354 simul
960 3287 1025 3357 hoc
1050 3288 1242 3380 profecisse

154 3401 364 3493 putabimur,
396 3418 434 3466 ιιι
458 3401 523 3465 iem
549 3398 771 3466 confidentius
797 3397 840 3466 de
866 3425 985 3469 eorum
1008 3400 1123 3470 indole
1150 3402 1242 3471 iudi-

155 3518 242 3582 cium
269 3515 345 3580 fieri
367 3516 480 3606 possit
514 3517 598 3581 Nam
624 3516 829 3582 utbreviter
856 3515 1014 3598 dicamus,
1040 3520 1243 3614 quicunque

153 3629 312 3698 idoneum
338 3655 432 3696 usum
460 3631 662 3696 comicorum
685 3630 803 3714 hahet,
837 3656 906 3700 nou
936 3636 1060 3726 poterit
1081 3633 1136 3702 vel
1163 3654 1240 3704 tan·

156 3744 264 3812 tilium
291 3743 464 3824 dubitare,
491 3747 628 3840 quinin
653 3747 767 3815 hono
795 3766 838 3814 et
868 3751 1051 3844 antiquo
1086 3774 1145 3843 po
1163 3773 1241 3822 eta

156 3886 336 3929 versemur.
402 3860 501 3944 Quod
528 3863 700 3954 quinon,
734 3862 871 3931 simulac
908 3864 1013 3933 semel
1045 3865 1243 3960 pellegerit,

157 3979 380 4071 persentiscat
404 3977 605 4045 acfirmiter
630 3979 693 4045 sibi
719 3979 939 4070 persuadeat,
974 4006 1040 4049 nec
1065 3984 1242 4065 sescentis,

158 4090 319 4184 quaeuel
348 4117 365 4157 e
391 4093 554 4158 sermonis
580 4117 707 4185 genere
736 4090 786 4160 vel
811 4119 1028 4164 numerorum
1052 4098 1241 4168 rationibus

156 4208 224 4299 peti
250 4224 398 4301 possunt,
424 4210 623 4300 argumentis
650 4207 784 4288 credet,
808 4228 841 4276 et
865 4227 901 4278 ιιι
922 4210 1036 4294 fatear,
1062 4211 1158 4306 quod
1182 4238 1240 4282 res

155 4337 214 4402 est,
239 4322 280 4388 ab
303 4321 365 4388 hac
392 4338 459 4409 tota
482 4339 553 4388 arte
581 4342 616 4391 nt
641 4325 700 4416 qui
724 4326 866 4394 maxime
892 4325 1021 4394 alienus
1048 4345 1107 4394 est.
1151 4330 1243 4397 Nam

157 4458 232 4501 cum
257 4434 340 4502 nihil
368 4439 409 4502 sit
433 4437 559 4506 inistis
587 4439 739 4524 veribus,
773 4436 867 4536 quod
893 4438 1056 4513 Terentio
1079 4441 1243 4516 Pleutove

157 4594 436 4613 Μ

211 4684 237 4756 “)
257 4686 324 4740 vide
340 4687 506 4755 Epimetrum.
