2820 5332
529 711 748 757 ntccmmsvs.
1106 687 1177 763 417

101 905 228 972 genere
256 880 387 948 allectus
413 884 551 949 Seruius
572 885 606 948 in
634 885 727 976 Virg.
750 885 832 956 Aen,
859 885 933 966 ΧΠ,
959 887 1028 956 605
1065 912 1178 956 versus

98 993 239 1087 protulit
261 1022 300 1062 ex
324 993 415 1062 Attii
438 994 664 1066 Bacchidibus
688 999 761 1065 h.e.
790 1025 807 1065 e
832 1002 979 1081 Bacchis,
1007 1026 1090 1094 quos
1104 1006 1180 1096 qui-
1219 1050 1222 1055 -

101 1110 179 1176 dem
206 1114 328 1178 Parcus
350 1136 419 1178 non
441 1113 604 1181 dubitavit
627 1140 796 1207 reponere
830 1116 864 1180 in
889 1114 1058 1183 Plautinae
1084 1117 1181 1185 subu-

99 1222 152 1290 lae
177 1226 377 1316 fragmentis.
441 1228 509 1296 Sed
542 1230 689 1296 Bostium
720 1229 871 1296 demiror
897 1255 975 1297 sune
999 1249 1066 1298 tam
1089 1233 1180 1301 sicco

100 1340 190 1432 pede
211 1340 343 1407 illarum
368 1341 459 1410 velut
481 1345 600 1411 fluctus
626 1343 869 1412 dubitationum
893 1346 1114 1436 praeterisse,
1146 1366 1184 1414 ut

100 1458 270 1524 neminum
293 1459 448 1550 ignorare
476 1458 615 1536 diceret,
642 1484 741 1551 saepe
763 1464 992 1554 grammaticos
1016 1464 1052 1527 in
1079 1464 1183 1529 citen-
1284 1525 1289 1534 .

101 1569 151 1638 dis
176 1569 340 1639 librorum
363 1571 465 1640 titulis
489 1573 683 1641 allucinatos
709 1598 781 1642 esse
793 1625 803 1656 ,
828 1576 1009 1668 ipsumque
1035 1576 1184 1670 Fulgen·

102 1686 184 1752 tium
210 1711 355 1767 errasse,
389 1689 446 1781 qui
478 1715 564 1782 quse
590 1690 625 1754 in
653 1688 757 1756 Stichi
792 1690 834 1769 ll,
859 1693 892 1770 2,
922 1691 967 1759 18
998 1715 1034 1758 se
1066 1691 1183 1785 legere

102 1802 201 1870 verbu
226 1804 431 1870 meminisset
455 1809 671 1870 unsiternum
696 1830 770 1871 cum
801 1828 915 1899 aqua,
948 1807 984 1870 in
1008 1807 1184 1874 Bacchidi·

102 1916 165 1982 hus
189 1920 333 2010 reperiri
356 1936 486 1986 temere
511 1919 753 1989 contenderet
803 1922 854 1988 Ac
877 1919 921 1986 de
944 1920 1110 2014 Fulgentii
1135 1938 1185 1989 te·

103 2032 255 2100 stimoniu
281 2032 463 2100 viderimus
489 2033 666 2127 deinceps:
692 2037 785 2101 cuins
806 2036 946 2127 quidem
965 2037 1184 2103 ventosissimi
1221 2114 1226 2123 ι

102 2147 245 2214 hominis
271 2150 347 2242 satis
370 2149 475 2216 hodie
501 2168 682 2242 perspectu
704 2153 828 2217 venitus
847 2148 940 2218 nullo
967 2169 1065 2243 pacto
1092 2175 1183 2219 com-

103 2265 184 2352 poni
210 2288 285 2331 cum
323 2285 514 2333 ceterorum
529 2318 533 2329 .
549 2268 840 2358 grammaticorum
874 2264 1045 2358 diligentia
1072 2265 1183 2333 debet.

102 2377 172 2446 Sed
198 2381 283 2447 scire
300 2380 408 2462 velim,
435 2406 560 2474 quum
586 2406 712 2474 saepe
739 2383 773 2447 in
800 2380 1185 2450 commemoranduBao·

102 2495 255 2562 chidibus
277 2496 494 2565 hallucinatus
523 2500 603 2564 istos
628 2499 858 2590 grammaticos
883 2497 1013 2564 Boetius
1040 2496 1185 2589 putor-iti

102 2611 230 2692 Quun'to
262 2613 304 2677 ab
331 2612 393 2678 huc
424 2629 519 2703 parte
543 2612 726 2681 consultius
761 2611 892 2679 duobus
926 2632 1003 2680 unte
1042 2611 1183 2680 saeculis

101 2724 202 2791 locius
228 2729 401 2793 Mercerus
424 2726 605 2808 iudica-rat,
641 2729 696 2795 cul
721 2728 981 2821 fragmentorum
1004 2723 1183 2794 multitudo

100 2842 141 2906 ab
167 2866 233 2908 uno
258 2844 368 2913 Nonio
394 2869 435 2910 ex
459 2843 683 2911 Bacchidibus
716 2845 907 2922 citatorum,
943 2846 978 2908 in
1010 2841 1183 2909 hodiernis

100 2975 207 3023 antem
233 2958 393 3050 exemplis
418 2983 488 3026 uon
513 2977 736 3050 repertorum,
762 2959 838 3023 sutis
862 2959 1023 3050 praebere
1046 2981 1181 3025 caussae

102 3072 294 3152 videbatur,
329 3099 388 3140 cnr
422 3072 466 3140 de
495 3073 622 3140 duabus
645 3075 715 3139 eius
740 3070 870 3138 fabulae
897 3070 1099 3139 editionibus
1124 3095 1183 3138 eo·

101 3188 219 3278 gitnret
243 3188 336 3255 Notis
362 3189 396 3254 in
420 3188 567 3255 Nonium
592 3215 625 3281 p.
651 3186 734 3260 676.
754 3185 837 3260 696.
861 3186 941 3258 761.
965 3183 1046 3266 642,
1074 3212 1182 3279 quun-

102 3328 201 3394 qnam
225 3327 293 3369 non
327 3305 465 3373 ulterius
499 3304 660 3396 expositis
684 3305 868 3370 rationibus
895 3305 964 3367 eius
988 3303 1180 3369 sententiae·

100 3421 171 3484 Nec
197 3419 311 3484 Ianum
337 3416 544 3486 Gulielmum
568 3421 614 3485 vis
641 3419 724 3510 sugit
754 3417 843 3483 illius
869 3416 1105 3500 multitudini83
1133 3419 1181 3484 sic

100 3537 186 3600 enirn
213 3537 449 3618 Quaestionum
472 3537 507 3599 in
529 3523 636 3600 Plauti
658 3533 840 3603 Bacchides
865 3550 964 3626 ceput
991 3533 1006 3597 l
1033 3531 1181 3600 orditurt

99 3650 286 3717 Bacchides
312 3651 433 3719 Plauti
462 3648 620 3730 suliulam
651 3651 805 3715 mutilam
836 3648 936 3714 laodic
962 3663 997 3713 et
1023 3664 1182 3712 truncam

100 3768 249 3832 urultis
278 3765 495 3858 partibus
527 3769 744 3853 circumferri
768 3765 953 3856 compluria
973 3776 1178 3852 argumento

99 3898 187 3946 sunt.
218 3888 362 3974 primum
373 3882 513 3974 prologi
526 3897 560 3946 et
581 3885 750 3973 prooemii
762 3879 860 3954 nihil,
884 3875 977 3970 quoii
994 3896 1179 3967 argumen-

99 4014 190 4073 tum,
218 4015 254 4062 ut
279 3999 380 4073 solet,
407 3997 575 4090 explicet,
603 4012 637 4062 ct
661 4000 699 4061 in
724 4019 794 4061 rem
820 3998 928 4086 ipsam
953 4008 1179 4086 spectatorem

99 4113 248 4179 inducat.
305 4131 374 4178 tum
399 4118 445 4180 in
466 4111 609 4179 medio
635 4114 939 4202 grammaticorum
964 4110 1177 4180 testimonia,

97 4251 184 4319 quae
199 4231 344 4313 frustra
368 4250 514 4317 quaeras
540 4232 576 4292 iu
601 4251 644 4292 ea
666 4247 768 4317 quam
794 4248 886 4288 nunc
911 4226 1059 4287 terimus.
1092 4221 1178 4286 Bur·

98 4366 151 4408 sus
183 4357 291 4406 autem
325 4360 448 4434 quanto
473 4341 567 4408 idem
599 4340 680 4420 ille,
719 4340 809 4405 cuius
845 4335 1005 4430 equidem
1038 4336 1174 4403 minime

98 4455 205 4547 probo
234 4459 481 4538 coniecturam,
522 4456 695 4522 Mercerus
720 4450 900 4520 consultius
934 4469 1041 4517 tamen
1075 4476 1173 4544 qnam

95 4569 285 4639 l·'1·iderieus
314 4571 466 4641 Osannus
493 4572 581 4664 egit,
619 4572 676 4664 qui
702 4567 886 4636 Analecton
913 4568 1099 4634 criticorum
1122 4591 1177 4632 cn-

96 4689 165 4778 pite
193 4688 226 4753 X
249 4689 285 4756 in
308 4689 542 4757 recensionum
570 4683 797 4754 diversitatem
822 4681 1059 4774 exemplarium
1080 4681 1177 4746 Plau-

935 4800 978 4867 27
