2820 5332
434 694 597 737 rmnvnur
627 695 817 738 retortum.
1095 678 1165 743 515

86 881 179 939 tuoe,
205 865 322 954 Neque
349 888 407 929 eas
435 881 472 929 ut
496 865 645 930 antelmo
670 890 799 941 servas,
823 865 886 931 sed
910 886 1028 960 captas
1046 895 1166 947 riorus,

85 979 158 1047 Aut
183 986 213 1046 si
235 1007 262 1046 e.
290 1006 323 1072 q.
350 1006 373 1046 s.
407 979 458 1046 vel
484 980 581 1046 simili
608 981 883 1074 ratione'aliqua.
934 984 1040 1052 Vides
1067 1015 1166 1079 quam

85 1099 194 1161 omnia
220 1094 489 1174 disconveniant,
525 1122 624 1187 quam
657 1115 765 1164 autem
799 1100 963 1166 concinne
999 1104 1168 1193 profluant

86 1214 224 1280 resectis
247 1212 365 1304 pannis
391 1209 575 1276 additiciis:

352 1341 435 1433 quid
458 1357 506 1407 tu
532 1347 638 1433 igitur
663 1338 816 1434 rdgites‚
839 1362 918 1410 tene
941 1341 1167 1438 obitirgitem?

179 1460 258 1526 Nisi
282 1451 317 1522 tu'
341 1482 399 1521 me
424 1458 626 1522 mihimet
649 1454 765 1523 censes
788 1455 957 1526 dt'cturtim
982 1464 1078 1529 mal.

183 1576 273 1639 Nam
297 1577 329 1636 si
353 1565 390 1636 in
417 1589 451 1636 te
473 1589 664 1662 ‘aegrotent
687 1571 782 1638 u'rtes
807 1573 970 1666 critiquae'
996 1595 1085 1659 tuoe,

183 1686 254 1753 Aut
278 1689 309 1751 si
337 1687 516 1752 demutant
541 1682 651 1752 meires
676 1684 852 1780 iugenirim
878 1673 984 1766 tuum,

185 1798 350 1867 Omnibus
375 1807 492 1867 amicis
518 1800 670 1869 mdrbum
695 1821 730 1868 tu
758 1801 900 1871 incutie's
925 1831 1079 1896 gravem,

185 1920 236 1986 Vt
259 1914 292 1982 td
319 1918 432 1983 videre
458 1913 643 2009 audireque
667 1914 805 2008 aegroti
830 1925 930 1990 sient.

87 2072 236 2152 Quorum
274 2068 382 2159 primo
418 2093 513 2132 versu
549 2084 584 2131 tu
623 2069 813 2159 recepimus
848 2094 888 2135 ex
923 2072 1165 2140 Ambrosiano:

83 2180 186 2249 altero
227 2202 334 2248 eutem
369 2200 405 2247 tu
431 2207 483 2246 me
513 2182 662 2247 mihimet
685 2184 875 2276 scripsimus
897 2210 961 2277 pro
989 2204 1060 2252 tute
1086 2189 1169 2255 mihi

82 2324 157 2374 me,
183 2300 285 2390 quin,
322 2298 348 2362 si
376 2322 393 2362 e
422 2298 526 2362 tribus
549 2296 614 2364 illis
640 2300 917 2390 pronominibus,
954 2318 1013 2376 tu,
1054 2322 1167 2371 meet

86 2414 185 2492 mihi,
222 2441 321 2479 unuin
349 2413 554 2481 efferendum
585 2435 634 2479 est
660 2417 809 2507 gravius,
850 2417 922 2507 ipsa
944 2421 1166 2510 oppositionis

82 2530 166 2595 ratio
193 2528 277 2593 illud
301 2528 393 2620 quod
420 2531 579 2593 suasimus
605 2530 737 2618 flagitat.
795 2529 914 2622 Neque
945 2533 1032 2599 enim
1061 2534 1165 2602 Calli-

84 2644 151 2710 cles
176 2648 336 2736 cogitatnr
363 2643 415 2708 alii
436 2645 590 2735 cuiquam
615 2647 797 2736 oppositus,
825 2649 888 2738 qui
902 2646 993 2713 idem
1021 2667 1165 2728 censeat,

82 2760 142 2826 sed
175 2763 328 2852 opposita
355 2778 430 2826 sunt
455 2761 543 2825 sibi
567 2759 794 2834 maledicere
818 2780 851 2828 et
876 2761 975 2828 aliis
1001 2763 1085 2829 male
1113 2763 1166 2829 di·

84 2902 169 2942 cere.
221 2876 329 2968 Suepe
365 2875 441 2941 illae
473 2877 708 2967 pronominum
735 2876 883 2957 formae,
918 2903 1003 2969 quae
1036 2878 1070 2942 in
1096 2896 1164 2946 met

85 3012 228 3070 exeunt,
267 2990 357 3084 apud
393 2990 545 3056 Plautum
579 2987 632 3054 vel
671 2988 881 3057 oblitteratae
917 3009 1010 3071 sunt,
1046 2991 1100 3059 vel
1128 2995 1163 3060 in

83 3133 196 3175 caussa
223 3108 344 3173 erroris
370 3106 512 3172 luerunt.
564 3104 619 3171 Sic
655 3123 790 3195 egomet
822 3106 926 3174 forma
956 3108 1162 3176 restituenda

83 3224 271 3289 Trinummi
296 3224 339 3303 II,
369 3229 398 3304 l,
425 3226 466 3294 3:

180 3351 326 3447 Egomet
352 3380 403 3420 me
430 3378 536 3448 coquo
559 3348 592 3420 e't
615 3377 750 3418 macero
776 3346 810 3418 cit
832 3346 999 3446 defetigo.

82 3491 148 3556 Vbi
177 3490 370 3554 Hermanno
397 3486 507 3554 fraudi
531 3487 591 3552 fuit
613 3485 740 3578 vulgata
762 3485 927 3578 scriptura
948 3503 1085 3577 egomet
1108 3511 1160 3554 mc

83 3628 274 3699 cuneoque,
311 3603 405 3671 utin
432 3627 521 3667 suam
559 3599 741 3667 editionem
765 3602 933 3693 reciperet
958 3626 1022 3691 ego
1049 3626 1101 3668 me
1127 3619 1162 3669 et

85 3744 272 3810 coccoque:
307 3718 364 3785 illa
392 3737 499 3783 autem
532 3716 592 3782 etsi
615 3718 649 3781 iu
675 3714 822 3782 editione
847 3716 1001 3806 principe
1025 3731 1057 3780 et
1080 3717 1161 3806 Lip-

83 3835 183 3899 siensi
209 3834 325 3900 codice
352 3851 410 3912 est,
434 3851 542 3898 tamen
561 3854 652 3896 mero
680 3854 793 3895 errore
819 3827 946 3918 prodiit
972 3853 1011 3893 er
1028 3844 1177 3917 egomet.

85 3974 137 4013 me
163 3972 352 4040 eoquoquo,
391 3944 428 4012 id
455 3944 547 4037 quod
573 3946 607 4009 in
633 3946 815 4008 Decurtato
842 3941 1087 4034 Vrsiuianoque
1113 3941 1162 4009 le-

86 4067 189 4156 gitn1·;
228 4079 361 4156 egomet
387 4086 439 4127 me
465 4084 570 4152 coquo
597 4058 657 4125 soli
685 4075 870 4124 servarunt
895 4057 997 4124 Vetus
1024 4076 1057 4127 et
1081 4059 1176 4132 Ama

20 4222 22 4233 ·
85 4183 268 4247 brosianus.
329 4180 454 4245 Contra
478 4178 503 4256 1,
531 4182 570 4256 2,
601 4172 667 4242 147
696 4170 931 4271 reponendum
957 4197 997 4239 ex
1019 4175 1164 4242 Ambro-

83 4299 199 4362 siano:

186 4429 263 4519 Ego
290 4421 342 4491 mi
358 4428 492 4512 fecisse
520 4417 699 4515 co'ufiteor,
726 4413 976 4510 Megaro'uides

86 4589 149 4659 pro
177 4562 307 4655 vulgato
336 4575 469 4649 egomet
486 4559 640 4649 secisse5
677 4552 740 4620 sed
773 4552 870 4619 simul
902 4553 984 4620 haee
1014 4578 1088 4622 cum
1114 4577 1170 4620 su-

86 4680 278 4774 perioribus
299 4672 468 4742 nectenda
485 4674 533 4740 sic
556 4671 732 4739 correctis:
762 4670 874 4747 Haec,
898 4674 1085 4742 suarem
1110 4661 1168 4736 seri
