<?xml version="1.0" encoding="UTF-8"?>
<!DOCTYPE html PUBLIC "-//W3C//DTD XHTML 1.0 Transitional//EN"
    "http://www.w3.org/TR/xhtml1/DTD/xhtml1-transitional.dtd">
<html xmlns="http://www.w3.org/1999/xhtml" xml:lang="en" lang="en">
 <head>
  <title>
</title>
<meta http-equiv="Content-Type" content="text/html;charset=utf-8" />
  <meta name='ocr-system' content='tesseract 3.04.00' />
  <meta name='ocr-capabilities' content='ocr_page ocr_carea ocr_par ocr_line ocrx_word'/>
</head>
<body>
  <div class='ocr_page' id='page_1' title='image "./parergonplautin01ritsgoog_0508.png"; bbox 0 0 2820 5332; ppageno 0'>
   <div class='ocr_carea' id='block_1_1' title="bbox 6 35 1328 311">
    <p class='ocr_par' dir='ltr' id='par_1_1' title="bbox 6 35 1328 311">
     <span class='ocr_line' id='line_1_1' title="bbox 6 35 1328 311; baseline -0.002 -1"><span class='ocrx_word' id='word_1_1' title='bbox 6 35 1328 311; x_wconf 64' lang='lat' dir='ltr'>u</span> 
     </span>
    </p>
   </div>
   <div class='ocr_carea' id='block_1_2' title="bbox 402 657 1177 733">
    <p class='ocr_par' dir='ltr' id='par_1_2' title="bbox 402 657 1177 733">
     <span class='ocr_line' id='line_1_2' title="bbox 402 657 1177 733; baseline 0.005 -5"><span class='ocrx_word' id='word_1_2' title='bbox 402 679 650 730; x_wconf 76' lang='lat' dir='ltr'><strong>nosraccsaraa</strong></span> <span class='ocrx_word' id='word_1_3' title='bbox 679 683 870 729; x_wconf 71' lang='lat' dir='ltr'><strong>retrusas.</strong></span> <span class='ocrx_word' id='word_1_4' title='bbox 1107 657 1177 733; x_wconf 80' lang='grc'><strong>467</strong></span> 
     </span>
    </p>
   </div>
   <div class='ocr_carea' id='block_1_3' title="bbox 102 850 1183 1886">
    <p class='ocr_par' dir='ltr' id='par_1_3' title="bbox 102 850 1183 1639">
     <span class='ocr_line' id='line_1_3' title="bbox 103 850 1182 946; baseline 0.002 -25"><span class='ocrx_word' id='word_1_5' title='bbox 103 869 168 922; x_wconf 86' lang='lat' dir='ltr'><strong>tor.</strong></span> <span class='ocrx_word' id='word_1_6' title='bbox 219 850 325 923; x_wconf 88' lang='lat' dir='ltr'><strong>Modo</strong></span> <span class='ocrx_word' id='word_1_7' title='bbox 351 877 394 920; x_wconf 91' lang='lat' dir='ltr'><strong>nc</strong></span> <span class='ocrx_word' id='word_1_8' title='bbox 419 871 645 934; x_wconf 77' lang='lat' dir='ltr'><strong>retractasset,</strong></span> <span class='ocrx_word' id='word_1_9' title='bbox 668 853 761 946; x_wconf 86' lang='lat' dir='ltr'><strong>quod</strong></span> <span class='ocrx_word' id='word_1_10' title='bbox 787 854 957 922; x_wconf 87' lang='lat' dir='ltr'><strong>sanissimo</strong></span> <span class='ocrx_word' id='word_1_11' title='bbox 981 851 1104 923; x_wconf 85' lang='lat' dir='ltr'><strong>iudicio</strong></span> <span class='ocrx_word' id='word_1_12' title='bbox 1130 857 1182 923; x_wconf 87' lang='lat' dir='ltr'><strong>in·</strong></span> 
     </span>
     <span class='ocr_line' id='line_1_4' title="bbox 102 968 1183 1064; baseline 0.003 -27"><span class='ocrx_word' id='word_1_13' title='bbox 102 971 295 1064; x_wconf 84' lang='lat' dir='ltr'><strong>dagaverat;</strong></span> <span class='ocrx_word' id='word_1_14' title='bbox 330 995 399 1037; x_wconf 89' lang='lat' dir='ltr'><strong>non</strong></span> <span class='ocrx_word' id='word_1_15' title='bbox 436 970 521 1036; x_wconf 88' lang='lat' dir='ltr'><strong>enim</strong></span> <span class='ocrx_word' id='word_1_16' title='bbox 558 968 657 1034; x_wconf 88' lang='lat' dir='ltr'><strong>ullam</strong></span> <span class='ocrx_word' id='word_1_17' title='bbox 696 971 760 1036; x_wconf 86' lang='lat' dir='ltr'><strong>vim</strong></span> <span class='ocrx_word' id='word_1_18' title='bbox 795 969 1021 1062; x_wconf 86' lang='lat' dir='ltr'><strong>persuadendi</strong></span> <span class='ocrx_word' id='word_1_19' title='bbox 1059 973 1183 1040; x_wconf 82' lang='lat' dir='ltr'><strong>habent</strong></span> 
     </span>
     <span class='ocr_line' id='line_1_5' title="bbox 103 1083 1182 1178; baseline 0.002 -27"><span class='ocrx_word' id='word_1_20' title='bbox 103 1112 190 1178; x_wconf 84' lang='lat' dir='ltr'><strong>qnae</strong></span> <span class='ocrx_word' id='word_1_21' title='bbox 217 1086 369 1151; x_wconf 76' lang='lat' dir='ltr'><strong>subiecitz</strong></span> <span class='ocrx_word' id='word_1_22' title='bbox 394 1083 453 1150; x_wconf 86' lang='lat' dir='ltr'><strong>An</strong></span> <span class='ocrx_word' id='word_1_23' title='bbox 480 1108 558 1150; x_wconf 85' lang='lat' dir='ltr'><strong>vero</strong></span> <span class='ocrx_word' id='word_1_24' title='bbox 585 1083 628 1149; x_wconf 82' lang='lat' dir='ltr'><strong>de</strong></span> <span class='ocrx_word' id='word_1_25' title='bbox 653 1083 825 1150; x_wconf 84' lang='lat' dir='ltr'><strong>industria</strong></span> <span class='ocrx_word' id='word_1_26' title='bbox 849 1085 993 1152; x_wconf 85' lang='lat' dir='ltr'><strong>Plautus</strong></span> <span class='ocrx_word' id='word_1_27' title='bbox 1019 1091 1087 1152; x_wconf 88' lang='lat' dir='ltr'><strong>ista</strong></span> <span class='ocrx_word' id='word_1_28' title='bbox 1111 1087 1182 1154; x_wconf 86' lang='lat' dir='ltr'><strong>dis-</strong></span> 
     </span>
     <span class='ocr_line' id='line_1_6' title="bbox 102 1201 1183 1269; baseline 0.004 -4"><span class='ocrx_word' id='word_1_29' title='bbox 102 1201 298 1267; x_wconf 84' lang='lat' dir='ltr'><strong>simulavit?</strong></span> <span class='ocrx_word' id='word_1_30' title='bbox 336 1202 397 1266; x_wconf 87' lang='lat' dir='ltr'><strong>Ita</strong></span> <span class='ocrx_word' id='word_1_31' title='bbox 421 1217 482 1267; x_wconf 85' lang='lat' dir='ltr'><strong>est.</strong></span> <span class='ocrx_word' id='word_1_32' title='bbox 521 1201 684 1267; x_wconf 83' lang='lat' dir='ltr'><strong>Consulto</strong></span> <span class='ocrx_word' id='word_1_33' title='bbox 710 1205 829 1267; x_wconf 88' lang='lat' dir='ltr'><strong>reiecit</strong></span> <span class='ocrx_word' id='word_1_34' title='bbox 854 1224 987 1266; x_wconf 88' lang='lat' dir='ltr'><strong>omnem</strong></span> <span class='ocrx_word' id='word_1_35' title='bbox 1011 1226 1086 1266; x_wconf 89' lang='lat' dir='ltr'><strong>eam</strong></span> <span class='ocrx_word' id='word_1_36' title='bbox 1100 1227 1183 1269; x_wconf 87' lang='lat' dir='ltr'><strong>nar-</strong></span> 
     </span>
     <span class='ocr_line' id='line_1_7' title="bbox 104 1316 1183 1407; baseline 0.003 -27"><span class='ocrx_word' id='word_1_37' title='bbox 104 1321 292 1390; x_wconf 81' lang='lat' dir='ltr'><strong><em>rationem,</em></strong></span> <span class='ocrx_word' id='word_1_38' title='bbox 319 1339 362 1378; x_wconf 89' lang='lat' dir='ltr'><strong>ne</strong></span> <span class='ocrx_word' id='word_1_39' title='bbox 387 1319 520 1407; x_wconf 82' lang='lat' dir='ltr'><strong>saepius</strong></span> <span class='ocrx_word' id='word_1_40' title='bbox 545 1320 582 1381; x_wconf 87' lang='lat' dir='ltr'><strong>in</strong></span> <span class='ocrx_word' id='word_1_41' title='bbox 607 1340 712 1381; x_wconf 81' lang='lat' dir='ltr'><strong>acerra</strong></span> <span class='ocrx_word' id='word_1_42' title='bbox 738 1333 861 1381; x_wconf 86' lang='lat' dir='ltr'><strong>eontra</strong></span> <span class='ocrx_word' id='word_1_43' title='bbox 886 1316 996 1407; x_wconf 75' lang='lat' dir='ltr'><strong>legem</strong></span> <span class='ocrx_word' id='word_1_44' title='bbox 1020 1323 1183 1383; x_wconf 83' lang='lat' dir='ltr'><strong>comicum</strong></span> 
     </span>
     <span class='ocr_line' id='line_1_8' title="bbox 104 1430 1181 1524; baseline 0.004 -29"><span class='ocrx_word' id='word_1_45' title='bbox 104 1448 137 1495; x_wconf 92' lang='lat' dir='ltr'><strong>et</strong></span> <span class='ocrx_word' id='word_1_46' title='bbox 164 1456 238 1496; x_wconf 86' lang='lat' dir='ltr'><strong>cam</strong></span> <span class='ocrx_word' id='word_1_47' title='bbox 262 1447 491 1521; x_wconf 80' lang='lat' dir='ltr'><strong>spectatorum</strong></span> <span class='ocrx_word' id='word_1_48' title='bbox 518 1432 633 1498; x_wconf 88' lang='lat' dir='ltr'><strong>taedio</strong></span> <span class='ocrx_word' id='word_1_49' title='bbox 659 1430 779 1497; x_wconf 79' lang='lat' dir='ltr'><strong>eadem</strong></span> <span class='ocrx_word' id='word_1_50' title='bbox 803 1435 1025 1498; x_wconf 79' lang='lat' dir='ltr'><strong>iterarentur.</strong></span> <span class='ocrx_word' id='word_1_51' title='bbox 1067 1431 1181 1524; x_wconf 82' lang='lat' dir='ltr'><strong>Atque</strong></span> 
     </span>
     <span class='ocr_line' id='line_1_9' title="bbox 104 1546 550 1639; baseline 0 -27"><span class='ocrx_word' id='word_1_52' title='bbox 104 1546 141 1612; x_wconf 80' lang='lat' dir='ltr'><strong>id</strong></span> <span class='ocrx_word' id='word_1_53' title='bbox 166 1552 236 1639; x_wconf 83' lang='lat' dir='ltr'><strong>ipse</strong></span> <span class='ocrx_word' id='word_1_54' title='bbox 261 1550 298 1610; x_wconf 85' lang='lat' dir='ltr'><strong>in</strong></span> <span class='ocrx_word' id='word_1_55' title='bbox 313 1546 394 1637; x_wconf 82' lang='lat' dir='ltr'><strong>sine</strong></span> <span class='ocrx_word' id='word_1_56' title='bbox 415 1550 550 1612; x_wconf 81' lang='lat' dir='ltr'><strong>innuit:</strong></span> 
     </span>
    </p>

    <p class='ocr_par' dir='ltr' id='par_1_4' title="bbox 202 1677 1060 1771">
     <span class='ocr_line' id='line_1_10' title="bbox 202 1677 1060 1771; baseline -0.002 -25"><span class='ocrx_word' id='word_1_57' title='bbox 202 1701 265 1746; x_wconf 80' lang='lat' dir='ltr'><strong>ru.</strong></span> <span class='ocrx_word' id='word_1_58' title='bbox 289 1677 420 1745; x_wconf 85' lang='lat' dir='ltr'><strong>Eadem</strong></span> <span class='ocrx_word' id='word_1_59' title='bbox 446 1703 510 1769; x_wconf 79' lang='lat' dir='ltr'><strong>ego</strong></span> <span class='ocrx_word' id='word_1_60' title='bbox 535 1701 640 1771; x_wconf 84' lang='lat' dir='ltr'><strong>opera</strong></span> <span class='ocrx_word' id='word_1_61' title='bbox 664 1679 749 1744; x_wconf 83' lang='lat' dir='ltr'><strong>lraee</strong></span> <span class='ocrx_word' id='word_1_62' title='bbox 774 1677 838 1745; x_wconf 83' lang='lat' dir='ltr'><strong>tibi</strong></span> <span class='ocrx_word' id='word_1_63' title='bbox 862 1702 1060 1762; x_wconf 79' lang='lat' dir='ltr'><strong><em>narravero,</em></strong></span> 
     </span>
    </p>

    <p class='ocr_par' dir='ltr' id='par_1_5' title="bbox 205 1793 1055 1886">
     <span class='ocr_line' id='line_1_11' title="bbox 205 1793 1055 1886; baseline 0.004 -28"><span class='ocrx_word' id='word_1_64' title='bbox 205 1795 289 1884; x_wconf 80' lang='lat' dir='ltr'><strong>Quis</strong></span> <span class='ocrx_word' id='word_1_65' title='bbox 310 1818 362 1860; x_wconf 91' lang='lat' dir='ltr'><strong>me</strong></span> <span class='ocrx_word' id='word_1_66' title='bbox 388 1795 550 1885; x_wconf 80' lang='lat' dir='ltr'><strong>exemplis</strong></span> <span class='ocrx_word' id='word_1_67' title='bbox 575 1793 677 1859; x_wconf 80' lang='lat' dir='ltr'><strong>lrodie</strong></span> <span class='ocrx_word' id='word_1_68' title='bbox 698 1795 754 1861; x_wconf 84' lang='lat' dir='ltr'><strong>ille</strong></span> <span class='ocrx_word' id='word_1_69' title='bbox 776 1794 975 1886; x_wconf 82' lang='lat' dir='ltr'><strong>ludificatns&#39;</strong></span> <span class='ocrx_word' id='word_1_70' title='bbox 994 1813 1055 1862; x_wconf 87' lang='lat' dir='ltr'><strong>est.</strong></span> 
     </span>
    </p>
   </div>
   <div class='ocr_carea' id='block_1_4' title="bbox 99 1924 1184 3174">
    <p class='ocr_par' dir='ltr' id='par_1_6' title="bbox 99 1924 1184 3174">
     <span class='ocr_line' id='line_1_12' title="bbox 102 1924 1183 2020; baseline 0.002 -28"><span class='ocrx_word' id='word_1_71' title='bbox 102 1928 144 1992; x_wconf 83' lang='lat' dir='ltr'><strong>Et</strong></span> <span class='ocrx_word' id='word_1_72' title='bbox 170 1950 210 1991; x_wconf 87' lang='lat' dir='ltr'><strong>cx</strong></span> <span class='ocrx_word' id='word_1_73' title='bbox 245 1925 296 1993; x_wconf 86' lang='lat' dir='ltr'><strong>his</strong></span> <span class='ocrx_word' id='word_1_74' title='bbox 330 1924 467 2018; x_wconf 86' lang='lat' dir='ltr'><strong>quidem</strong></span> <span class='ocrx_word' id='word_1_75' title='bbox 490 1925 640 1992; x_wconf 84' lang='lat' dir='ltr'><strong>versibus</strong></span> <span class='ocrx_word' id='word_1_76' title='bbox 665 1929 805 2018; x_wconf 87' lang='lat' dir='ltr'><strong>petitum</strong></span> <span class='ocrx_word' id='word_1_77' title='bbox 831 1946 1061 2020; x_wconf 76' lang='lat' dir='ltr'><strong>argumentum</strong></span> <span class='ocrx_word' id='word_1_78' title='bbox 1086 1924 1183 1995; x_wconf 82' lang='lat' dir='ltr'><strong>facile</strong></span> 
     </span>
     <span class='ocr_line' id='line_1_13' title="bbox 104 2039 1184 2134; baseline 0 -26"><span class='ocrx_word' id='word_1_79' title='bbox 104 2067 206 2134; x_wconf 87' lang='lat' dir='ltr'><strong>opera</strong></span> <span class='ocrx_word' id='word_1_80' title='bbox 235 2058 370 2108; x_wconf 85' lang='lat' dir='ltr'><strong>evertas.</strong></span> <span class='ocrx_word' id='word_1_81' title='bbox 429 2039 589 2106; x_wconf 84' lang='lat' dir='ltr'><strong>&#39;Necdum</strong></span> <span class='ocrx_word' id='word_1_82' title='bbox 624 2041 712 2106; x_wconf 88' lang='lat' dir='ltr'><strong>enim</strong></span> <span class='ocrx_word' id='word_1_83' title='bbox 746 2039 797 2107; x_wconf 88' lang='lat' dir='ltr'><strong>vel</strong></span> <span class='ocrx_word' id='word_1_84' title='bbox 825 2040 883 2107; x_wconf 89' lang='lat' dir='ltr'><strong>illa</strong></span> <span class='ocrx_word' id='word_1_85' title='bbox 909 2041 1039 2109; x_wconf 85' lang='lat' dir='ltr'><strong>Simoni</strong></span> <span class='ocrx_word' id='word_1_86' title='bbox 1072 2041 1184 2108; x_wconf 82' lang='lat' dir='ltr'><strong>sabula</strong></span> 
     </span>
     <span class='ocr_line' id='line_1_14' title="bbox 101 2153 1183 2249; baseline 0.001 -28"><span class='ocrx_word' id='word_1_87' title='bbox 101 2153 306 2236; x_wconf 78' lang='lat' dir='ltr'><strong>innotuerat,</strong></span> <span class='ocrx_word' id='word_1_88' title='bbox 342 2180 443 2248; x_wconf 91' lang='lat' dir='ltr'><strong>qnam</strong></span> <span class='ocrx_word' id='word_1_89' title='bbox 475 2154 518 2221; x_wconf 90' lang='lat' dir='ltr'><strong>dc</strong></span> <span class='ocrx_word' id='word_1_90' title='bbox 544 2156 677 2247; x_wconf 89' lang='lat' dir='ltr'><strong>hospite</strong></span> <span class='ocrx_word' id='word_1_91' title='bbox 708 2157 744 2220; x_wconf 88' lang='lat' dir='ltr'><strong>in</strong></span> <span class='ocrx_word' id='word_1_92' title='bbox 770 2155 1014 2249; x_wconf 89' lang='lat' dir='ltr'><strong>Theuropidiis</strong></span> <span class='ocrx_word' id='word_1_93' title='bbox 1042 2155 1183 2224; x_wconf 87' lang='lat' dir='ltr'><strong>aedibus</strong></span> 
     </span>
     <span class='ocr_line' id='line_1_15' title="bbox 104 2269 1184 2364; baseline -0.001 -26"><span class='ocrx_word' id='word_1_94' title='bbox 104 2271 235 2364; x_wconf 88' lang='lat' dir='ltr'><strong>capitali</strong></span> <span class='ocrx_word' id='word_1_95' title='bbox 269 2269 373 2339; x_wconf 86' lang='lat' dir='ltr'><strong>caede</strong></span> <span class='ocrx_word' id='word_1_96' title='bbox 406 2289 522 2338; x_wconf 89' lang='lat' dir='ltr'><strong>necato</strong></span> <span class='ocrx_word' id='word_1_97' title='bbox 556 2269 796 2364; x_wconf 85' lang='lat' dir='ltr'><strong>derelictisque</strong></span> <span class='ocrx_word' id='word_1_98' title='bbox 822 2273 865 2339; x_wconf 93' lang='lat' dir='ltr'><strong>ob</strong></span> <span class='ocrx_word' id='word_1_99' title='bbox 891 2271 927 2338; x_wconf 87' lang='lat' dir='ltr'><strong>id</strong></span> <span class='ocrx_word' id='word_1_100' title='bbox 952 2271 1018 2338; x_wconf 89' lang='lat' dir='ltr'><strong>illis</strong></span> <span class='ocrx_word' id='word_1_101' title='bbox 1043 2272 1184 2339; x_wconf 88' lang='lat' dir='ltr'><strong>aedibus</strong></span> 
     </span>
     <span class='ocr_line' id='line_1_16' title="bbox 101 2366 1184 2480; baseline 0.002 -26"><span class='ocrx_word' id='word_1_102' title='bbox 101 2390 226 2454; x_wconf 86' lang='lat' dir='ltr'><strong>Tranio</strong></span> <span class='ocrx_word' id='word_1_103' title='bbox 255 2405 461 2455; x_wconf 88' lang='lat' dir='ltr'><strong>commentus</strong></span> <span class='ocrx_word' id='word_1_104' title='bbox 488 2405 559 2454; x_wconf 87' lang='lat' dir='ltr'><strong>erat</strong></span> <span class='ocrx_word' id='word_1_105' title='bbox 583 2388 626 2468; x_wconf 90' lang='lat' dir='ltr'><strong>ll,</strong></span> <span class='ocrx_word' id='word_1_106' title='bbox 650 2390 687 2457; x_wconf 69' lang='lat'><strong>2:</strong></span> <span class='ocrx_word' id='word_1_107' title='bbox 711 2385 765 2453; x_wconf 86' lang='lat' dir='ltr'><strong>vel</strong></span> <span class='ocrx_word' id='word_1_108' title='bbox 793 2413 879 2480; x_wconf 89' lang='lat' dir='ltr'><strong>quae</strong></span> <span class='ocrx_word' id='word_1_109' title='bbox 906 2386 949 2453; x_wconf 88' lang='lat' dir='ltr'><strong>de</strong></span> <span class='ocrx_word' id='word_1_110' title='bbox 975 2388 1032 2454; x_wconf 85' lang='lat' dir='ltr'><strong>lilii</strong></span> <span class='ocrx_word' id='word_1_111' title='bbox 1061 2366 1184 2457; x_wconf 82' lang='lat' dir='ltr'><strong>comis-</strong></span> 
     </span>
     <span class='ocr_line' id='line_1_17' title="bbox 102 2502 1182 2595; baseline 0.003 -26"><span class='ocrx_word' id='word_1_112' title='bbox 102 2504 280 2570; x_wconf 86' lang='lat' dir='ltr'><strong>sationibus</strong></span> <span class='ocrx_word' id='word_1_113' title='bbox 319 2520 496 2595; x_wconf 85' lang='lat' dir='ltr'><strong>emptaque</strong></span> <span class='ocrx_word' id='word_1_114' title='bbox 531 2502 676 2569; x_wconf 89' lang='lat' dir='ltr'><strong>danistae</strong></span> <span class='ocrx_word' id='word_1_115' title='bbox 714 2521 850 2594; x_wconf 85' lang='lat' dir='ltr'><strong>argento</strong></span> <span class='ocrx_word' id='word_1_116' title='bbox 885 2503 988 2568; x_wconf 86' lang='lat' dir='ltr'><strong>amica</strong></span> <span class='ocrx_word' id='word_1_117' title='bbox 1028 2527 1129 2571; x_wconf 79' lang='lat' dir='ltr'><strong>senex</strong></span> <span class='ocrx_word' id='word_1_118' title='bbox 1163 2530 1182 2572; x_wconf 83' lang='lat' dir='ltr'><strong>e</strong></span> 
     </span>
     <span class='ocr_line' id='line_1_18' title="bbox 102 2618 1183 2712; baseline 0.001 -27"><span class='ocrx_word' id='word_1_119' title='bbox 102 2618 328 2686; x_wconf 83' lang='lat' dir='ltr'><strong>Callidamatis</strong></span> <span class='ocrx_word' id='word_1_120' title='bbox 355 2619 458 2684; x_wconf 84' lang='lat' dir='ltr'><strong>servis</strong></span> <span class='ocrx_word' id='word_1_121' title='bbox 485 2634 693 2710; x_wconf 85' lang='lat' dir='ltr'><strong>compererat</strong></span> <span class='ocrx_word' id='word_1_122' title='bbox 718 2618 775 2699; x_wconf 88' lang='lat' dir='ltr'><strong>IV,</strong></span> <span class='ocrx_word' id='word_1_123' title='bbox 792 2620 824 2686; x_wconf 69' lang='lat' dir='ltr'><strong>Q.</strong></span> <span class='ocrx_word' id='word_1_124' title='bbox 861 2620 952 2701; x_wconf 91' lang='lat' dir='ltr'><strong>Quae</strong></span> <span class='ocrx_word' id='word_1_125' title='bbox 980 2622 1088 2685; x_wconf 90' lang='lat' dir='ltr'><strong>omnia</strong></span> <span class='ocrx_word' id='word_1_126' title='bbox 1104 2644 1183 2712; x_wconf 89' lang='lat' dir='ltr'><strong>per-</strong></span> 
     </span>
     <span class='ocr_line' id='line_1_19' title="bbox 101 2730 1183 2828; baseline 0.004 -29"><span class='ocrx_word' id='word_1_127' title='bbox 101 2739 204 2800; x_wconf 87' lang='lat' dir='ltr'><strong>tinent</strong></span> <span class='ocrx_word' id='word_1_128' title='bbox 231 2736 382 2826; x_wconf 81' lang='lat' dir='ltr'><strong>profccto</strong></span> <span class='ocrx_word' id='word_1_129' title='bbox 409 2733 450 2800; x_wconf 89' lang='lat' dir='ltr'><strong>ad</strong></span> <span class='ocrx_word' id='word_1_130' title='bbox 475 2730 668 2801; x_wconf 80' lang='lat' dir='ltr'><strong>ludificandi</strong></span> <span class='ocrx_word' id='word_1_131' title='bbox 704 2732 856 2826; x_wconf 83' lang='lat' dir='ltr'><strong>exempla</strong></span> <span class='ocrx_word' id='word_1_132' title='bbox 886 2733 965 2813; x_wconf 89' lang='lat' dir='ltr'><strong>illa,</strong></span> <span class='ocrx_word' id='word_1_133' title='bbox 1002 2737 1123 2828; x_wconf 85' lang='lat' dir='ltr'><strong>quibus</strong></span> <span class='ocrx_word' id='word_1_134' title='bbox 1148 2762 1183 2803; x_wconf 89' lang='lat' dir='ltr'><strong>se</strong></span> 
     </span>
     <span class='ocr_line' id='line_1_20' title="bbox 100 2846 1184 2941; baseline 0.002 -26"><span class='ocrx_word' id='word_1_135' title='bbox 100 2849 246 2916; x_wconf 83' lang='lat' dir='ltr'><strong>ludibrio</strong></span> <span class='ocrx_word' id='word_1_136' title='bbox 280 2851 429 2916; x_wconf 88' lang='lat' dir='ltr'><strong>habitum</strong></span> <span class='ocrx_word' id='word_1_137' title='bbox 463 2874 535 2916; x_wconf 90' lang='lat' dir='ltr'><strong>esse</strong></span> <span class='ocrx_word' id='word_1_138' title='bbox 576 2846 816 2940; x_wconf 85' lang='lat' dir='ltr'><strong>Tlrcuropides</strong></span> <span class='ocrx_word' id='word_1_139' title='bbox 851 2852 1011 2941; x_wconf 88' lang='lat' dir='ltr'><strong>queritur.</strong></span> <span class='ocrx_word' id='word_1_140' title='bbox 1074 2850 1115 2914; x_wconf 85' lang='lat' dir='ltr'><strong>Et</strong></span> <span class='ocrx_word' id='word_1_141' title='bbox 1147 2868 1184 2918; x_wconf 90' lang='lat' dir='ltr'><strong>nt</strong></span> 
     </span>
     <span class='ocr_line' id='line_1_21' title="bbox 99 2964 1180 3058; baseline 0.001 -27"><span class='ocrx_word' id='word_1_142' title='bbox 99 2968 182 3031; x_wconf 82' lang='lat' dir='ltr'><strong>hacc</strong></span> <span class='ocrx_word' id='word_1_143' title='bbox 210 2968 344 3046; x_wconf 84' lang='lat' dir='ltr'><strong>mittam,</strong></span> <span class='ocrx_word' id='word_1_144' title='bbox 370 2964 476 3058; x_wconf 87' lang='lat' dir='ltr'><strong>quidl</strong></span> <span class='ocrx_word' id='word_1_145' title='bbox 502 2967 529 3029; x_wconf 87' lang='lat' dir='ltr'><strong>si</strong></span> <span class='ocrx_word' id='word_1_146' title='bbox 556 2965 705 3057; x_wconf 88' lang='lat' dir='ltr'><strong>priorem</strong></span> <span class='ocrx_word' id='word_1_147' title='bbox 728 2988 870 3042; x_wconf 80' lang='lat' dir='ltr'><strong>versum,</strong></span> <span class='ocrx_word' id='word_1_148' title='bbox 894 2988 997 3057; x_wconf 85' lang='lat' dir='ltr'><strong>quem</strong></span> <span class='ocrx_word' id='word_1_149' title='bbox 1020 2989 1087 3033; x_wconf 90' lang='lat' dir='ltr'><strong>non</strong></span> <span class='ocrx_word' id='word_1_150' title='bbox 1107 2990 1180 3032; x_wconf 85' lang='lat' dir='ltr'><strong>esse</strong></span> 
     </span>
     <span class='ocr_line' id='line_1_22' title="bbox 100 3078 900 3174; baseline 0.003 -29"><span class='ocrx_word' id='word_1_151' title='bbox 100 3083 264 3172; x_wconf 86' lang='lat' dir='ltr'><strong>integrum</strong></span> <span class='ocrx_word' id='word_1_152' title='bbox 292 3099 434 3146; x_wconf 87' lang='lat' dir='ltr'><strong>metrum</strong></span> <span class='ocrx_word' id='word_1_153' title='bbox 457 3081 573 3174; x_wconf 84' lang='lat' dir='ltr'><strong>arguit,</strong></span> <span class='ocrx_word' id='word_1_154' title='bbox 599 3081 647 3147; x_wconf 88' lang='lat' dir='ltr'><strong>sic</strong></span> <span class='ocrx_word' id='word_1_155' title='bbox 670 3078 900 3172; x_wconf 82' lang='lat' dir='ltr'><strong>suppleveris:</strong></span> 
     </span>
    </p>
   </div>
   <div class='ocr_carea' id='block_1_5' title="bbox 195 3204 1181 3536">
    <p class='ocr_par' dir='ltr' id='par_1_7' title="bbox 195 3204 1181 3536">
     <span class='ocr_line' id='line_1_23' title="bbox 195 3204 1181 3306; baseline 0.002 -28"><span class='ocrx_word' id='word_1_156' title='bbox 195 3210 307 3278; x_wconf 84' lang='lat' dir='ltr'><strong>Same.</strong></span> <span class='ocrx_word' id='word_1_157' title='bbox 360 3235 422 3284; x_wconf 69' lang='grc' dir='ltr'><strong>ΤΗ.</strong></span> <span class='ocrx_word' id='word_1_158' title='bbox 463 3210 647 3306; x_wconf 81' lang='lat' dir='ltr'><strong>ea&#39;demque</strong></span> <span class='ocrx_word' id='word_1_159' title='bbox 682 3236 788 3304; x_wconf 85' lang='lat' dir='ltr'><strong>opera</strong></span> <span class='ocrx_word' id='word_1_160' title='bbox 821 3212 906 3279; x_wconf 81' lang='lat' dir='ltr'><strong>lraec</strong></span> <span class='ocrx_word' id='word_1_161' title='bbox 946 3204 1080 3305; x_wconf 88' lang='lat' dir='ltr'><strong>[po&#39;rra]</strong></span> <span class='ocrx_word' id='word_1_162' title='bbox 1117 3208 1181 3281; x_wconf 77' lang='lat' dir='ltr'><strong>tibi</strong></span> 
     </span>
     <span class='ocr_line' id='line_1_24' title="bbox 584 3327 785 3423; baseline 0 -30"><span class='ocrx_word' id='word_1_163' title='bbox 584 3327 785 3423; x_wconf 77' lang='lat' dir='ltr'><strong>narra&#39;vero,</strong></span> 
     </span>
     <span class='ocr_line' id='line_1_25' title="bbox 197 3435 1094 3536; baseline 0.004 -30"><span class='ocrx_word' id='word_1_164' title='bbox 197 3443 280 3534; x_wconf 84' lang='lat' dir='ltr'><strong>Quis</strong></span> <span class='ocrx_word' id='word_1_165' title='bbox 302 3465 353 3506; x_wconf 87' lang='lat' dir='ltr'><strong>me</strong></span> <span class='ocrx_word' id='word_1_166' title='bbox 379 3435 479 3507; x_wconf 76' lang='lat' dir='ltr'><strong>lro&#39;die</strong></span> <span class='ocrx_word' id='word_1_167' title='bbox 506 3445 666 3536; x_wconf 85' lang='lat' dir='ltr'><strong>exemplis</strong></span> <span class='ocrx_word' id='word_1_168' title='bbox 692 3444 748 3510; x_wconf 88' lang='lat' dir='ltr'><strong>ille</strong></span> <span class='ocrx_word' id='word_1_169' title='bbox 773 3438 970 3536; x_wconf 64' lang='lat' dir='ltr'><strong>lucificatus</strong></span> <span class='ocrx_word' id='word_1_170' title='bbox 995 3459 1046 3510; x_wconf 90' lang='lat' dir='ltr'><strong>est</strong></span> <span class='ocrx_word' id='word_1_171' title='bbox 1063 3442 1094 3531; x_wconf 74' lang='lat'><strong>*)</strong></span> 
     </span>
    </p>
   </div>
   <div class='ocr_carea' id='block_1_6' title="bbox 91 3575 1174 4134">
    <p class='ocr_par' dir='ltr' id='par_1_8' title="bbox 91 3575 1174 4134">
     <span class='ocr_line' id='line_1_26' title="bbox 94 3575 1174 3663; baseline 0.001 -19"><span class='ocrx_word' id='word_1_172' title='bbox 94 3575 192 3663; x_wconf 90' lang='lat' dir='ltr'><strong>(coll.</strong></span> <span class='ocrx_word' id='word_1_173' title='bbox 235 3579 371 3642; x_wconf 82' lang='lat' dir='ltr'><strong>Terent.</strong></span> <span class='ocrx_word' id='word_1_174' title='bbox 407 3577 584 3644; x_wconf 86' lang='lat' dir='ltr'><strong>Heautont.</strong></span> <span class='ocrx_word' id='word_1_175' title='bbox 620 3579 677 3659; x_wconf 89' lang='lat' dir='ltr'><strong>lv,</strong></span> <span class='ocrx_word' id='word_1_176' title='bbox 704 3580 736 3660; x_wconf 86' lang='lat'><strong>5,</strong></span> <span class='ocrx_word' id='word_1_177' title='bbox 763 3576 863 3662; x_wconf 57' lang='lat' dir='ltr'><strong>23ss</strong></span> <span class='ocrx_word' id='word_1_178' title='bbox 921 3579 969 3644; x_wconf 88' lang='lat' dir='ltr'><strong>lta</strong></span> <span class='ocrx_word' id='word_1_179' title='bbox 1003 3582 1089 3645; x_wconf 88' lang='lat' dir='ltr'><strong>enim</strong></span> <span class='ocrx_word' id='word_1_180' title='bbox 1124 3578 1174 3645; x_wconf 85' lang='lat' dir='ltr'><strong>rei</strong></span> 
     </span>
     <span class='ocr_line' id='line_1_27' title="bbox 93 3693 1171 3787; baseline 0.002 -30"><span class='ocrx_word' id='word_1_181' title='bbox 93 3719 217 3758; x_wconf 73' lang='lat' dir='ltr'><strong>sumnia</strong></span> <span class='ocrx_word' id='word_1_182' title='bbox 244 3693 351 3784; x_wconf 88' lang='lat' dir='ltr'><strong>potuit</strong></span> <span class='ocrx_word' id='word_1_183' title='bbox 376 3693 439 3759; x_wconf 87' lang='lat' dir='ltr'><strong>iam</strong></span> <span class='ocrx_word' id='word_1_184' title='bbox 466 3694 627 3787; x_wconf 82' lang='lat' dir='ltr'><strong>patefacta</strong></span> <span class='ocrx_word' id='word_1_185' title='bbox 653 3721 744 3776; x_wconf 86' lang='lat' dir='ltr'><strong>esse,</strong></span> <span class='ocrx_word' id='word_1_186' title='bbox 784 3712 950 3761; x_wconf 84' lang='lat' dir='ltr'><strong>ettamen</strong></span> <span class='ocrx_word' id='word_1_187' title='bbox 977 3696 1171 3787; x_wconf 60' lang='lat' dir='ltr'><strong>Thauropi</strong></span> 
     </span>
     <span class='ocr_line' id='line_1_28' title="bbox 92 3807 1168 3903; baseline 0.002 -30"><span class='ocrx_word' id='word_1_188' title='bbox 92 3808 151 3873; x_wconf 88' lang='lat' dir='ltr'><strong>des</strong></span> <span class='ocrx_word' id='word_1_189' title='bbox 179 3810 275 3874; x_wconf 87' lang='lat' dir='ltr'><strong>etiarn</strong></span> <span class='ocrx_word' id='word_1_190' title='bbox 307 3807 440 3901; x_wconf 89' lang='lat' dir='ltr'><strong>plenius</strong></span> <span class='ocrx_word' id='word_1_191' title='bbox 472 3829 504 3876; x_wconf 87' lang='lat' dir='ltr'><strong>et</strong></span> <span class='ocrx_word' id='word_1_192' title='bbox 542 3810 734 3903; x_wconf 85' lang='lat' dir='ltr'><strong>explicatius</strong></span> <span class='ocrx_word' id='word_1_193' title='bbox 770 3811 897 3877; x_wconf 87' lang='lat' dir='ltr'><strong>Simoni</strong></span> <span class='ocrx_word' id='word_1_194' title='bbox 932 3836 1002 3875; x_wconf 89' lang='lat' dir='ltr'><strong>rem</strong></span> <span class='ocrx_word' id='word_1_195' title='bbox 1036 3835 1168 3877; x_wconf 80' lang='lat' dir='ltr'><strong>orassem</strong></span> 
     </span>
     <span class='ocr_line' id='line_1_29' title="bbox 92 3922 1169 4020; baseline 0.001 -30"><span class='ocrx_word' id='word_1_196' title='bbox 92 3947 244 3990; x_wconf 85' lang='lat' dir='ltr'><strong>enarrare</strong></span> <span class='ocrx_word' id='word_1_197' title='bbox 276 3922 369 3990; x_wconf 85' lang='lat' dir='ltr'><strong>velle.</strong></span> <span class='ocrx_word' id='word_1_198' title='bbox 436 3927 632 4020; x_wconf 88' lang='lat' dir='ltr'><strong>Quanquam</strong></span> <span class='ocrx_word' id='word_1_199' title='bbox 671 3926 794 3994; x_wconf 87' lang='lat' dir='ltr'><strong>eodem</strong></span> <span class='ocrx_word' id='word_1_200' title='bbox 839 3925 910 3991; x_wconf 87' lang='lat' dir='ltr'><strong>iure</strong></span> <span class='ocrx_word' id='word_1_201' title='bbox 948 3930 1040 3990; x_wconf 85' lang='lat' dir='ltr'><strong>intus</strong></span> <span class='ocrx_word' id='word_1_202' title='bbox 1078 3929 1169 3992; x_wconf 89' lang='lat' dir='ltr'><strong>inse-</strong></span> 
     </span>
     <span class='ocr_line' id='line_1_30' title="bbox 91 4037 1168 4134; baseline 0.004 -30"><span class='ocrx_word' id='word_1_203' title='bbox 91 4064 153 4106; x_wconf 86' lang='lat' dir='ltr'><strong>ras.</strong></span> <span class='ocrx_word' id='word_1_204' title='bbox 195 4072 241 4084; x_wconf 89' lang='lat'>-</span> <span class='ocrx_word' id='word_1_205' title='bbox 291 4038 363 4104; x_wconf 89' lang='lat' dir='ltr'><strong>Nec</strong></span> <span class='ocrx_word' id='word_1_206' title='bbox 388 4064 468 4105; x_wconf 79' lang='lat' dir='ltr'><strong>vero</strong></span> <span class='ocrx_word' id='word_1_207' title='bbox 495 4039 538 4107; x_wconf 87' lang='lat' dir='ltr'><strong>de</strong></span> <span class='ocrx_word' id='word_1_208' title='bbox 575 4039 685 4106; x_wconf 84' lang='lat' dir='ltr'><strong>taedio</strong></span> <span class='ocrx_word' id='word_1_209' title='bbox 719 4057 941 4134; x_wconf 87' lang='lat' dir='ltr'><strong>spectatorum</strong></span> <span class='ocrx_word' id='word_1_210' title='bbox 973 4061 1043 4107; x_wconf 89' lang='lat' dir='ltr'><strong>crat</strong></span> <span class='ocrx_word' id='word_1_211' title='bbox 1075 4037 1168 4134; x_wconf 83' lang='lat' dir='ltr'><strong>quod</strong></span> 
     </span>
    </p>
   </div>
   <div class='ocr_carea' id='block_1_7' title="bbox 98 4204 332 4216">
    <p class='ocr_par' dir='ltr' id='par_1_9' title="bbox 98 4204 332 4216">
     <span class='ocr_line' id='line_1_31' title="bbox 98 4204 332 4216; baseline -0.004 0"><span class='ocrx_word' id='word_1_212' title='bbox 98 4204 332 4216; x_wconf 47' lang='grc' dir='ltr'><strong>ῌ--ὺ-</strong></span> 
     </span>
    </p>
   </div>
   <div class='ocr_carea' id='block_1_8' title="bbox 143 4290 1169 4724">
    <p class='ocr_par' dir='ltr' id='par_1_10' title="bbox 143 4290 1169 4724">
     <span class='ocr_line' id='line_1_32' title="bbox 143 4290 977 4362; baseline 0.004 -19"><span class='ocrx_word' id='word_1_213' title='bbox 143 4295 169 4359; x_wconf 86' lang='grc'><strong>·)</strong></span> <span class='ocrx_word' id='word_1_214' title='bbox 187 4292 291 4343; x_wconf 82' lang='lat' dir='ltr'><strong>Raetias</strong></span> <span class='ocrx_word' id='word_1_215' title='bbox 312 4290 378 4343; x_wconf 83' lang='lat' dir='ltr'><strong>enirn</strong></span> <span class='ocrx_word' id='word_1_216' title='bbox 397 4296 434 4344; x_wconf 83' lang='lat' dir='ltr'><strong>sic</strong></span> <span class='ocrx_word' id='word_1_217' title='bbox 452 4294 587 4361; x_wconf 76' lang='lat' dir='ltr'><strong>scripsisse</strong></span> <span class='ocrx_word' id='word_1_218' title='bbox 605 4290 695 4346; x_wconf 85' lang='lat' dir='ltr'><strong>videor</strong></span> <span class='ocrx_word' id='word_1_219' title='bbox 712 4306 788 4362; x_wconf 88' lang='lat' dir='ltr'><strong>quam</strong></span> <span class='ocrx_word' id='word_1_220' title='bbox 810 4308 867 4346; x_wconf 86' lang='lat' dir='ltr'><strong>eun</strong></span> <span class='ocrx_word' id='word_1_221' title='bbox 885 4291 977 4346; x_wconf 78' lang='lat' dir='ltr'><strong>Botlsia</strong></span> 
     </span>
     <span class='ocr_line' id='line_1_33' title="bbox 260 4386 845 4457; baseline 0.007 -21"><span class='ocrx_word' id='word_1_222' title='bbox 260 4387 320 4449; x_wconf 79' lang='lat' dir='ltr'><strong>Quis</strong></span> <span class='ocrx_word' id='word_1_223' title='bbox 338 4386 395 4438; x_wconf 75' lang='grc' dir='ltr'><strong>πιὲἀ</strong></span> <span class='ocrx_word' id='word_1_224' title='bbox 413 4387 531 4457; x_wconf 69' lang='lat' dir='ltr'><strong>exemplis</strong></span> <span class='ocrx_word' id='word_1_225' title='bbox 549 4388 622 4440; x_wconf 71' lang='lat' dir='ltr'><strong>tidie</strong></span> <span class='ocrx_word' id='word_1_226' title='bbox 641 4387 784 4455; x_wconf 74' lang='lat' dir='ltr'><strong>ludificatus</strong></span> <span class='ocrx_word' id='word_1_227' title='bbox 801 4398 845 4440; x_wconf 82' lang='lat' dir='ltr'><strong>est.</strong></span> 
     </span>
     <span class='ocr_line' id='line_1_34' title="bbox 188 4478 1169 4553; baseline 0.006 -22"><span class='ocrx_word' id='word_1_228' title='bbox 188 4478 250 4531; x_wconf 83' lang='lat' dir='ltr'><strong>Nam</strong></span> <span class='ocrx_word' id='word_1_229' title='bbox 270 4480 317 4530; x_wconf 87' lang='lat' dir='ltr'><strong>etsi</strong></span> <span class='ocrx_word' id='word_1_230' title='bbox 338 4480 381 4531; x_wconf 85' lang='lat' dir='ltr'><strong>ille</strong></span> <span class='ocrx_word' id='word_1_231' title='bbox 401 4497 450 4532; x_wconf 87' lang='lat' dir='ltr'><strong>non</strong></span> <span class='ocrx_word' id='word_1_232' title='bbox 469 4491 508 4534; x_wconf 89' lang='lat' dir='ltr'><strong>est</strong></span> <span class='ocrx_word' id='word_1_233' title='bbox 526 4497 587 4534; x_wconf 85' lang='lat' dir='ltr'><strong>sane</strong></span> <span class='ocrx_word' id='word_1_234' title='bbox 606 4482 632 4534; x_wconf 85' lang='lat' dir='ltr'><strong>in</strong></span> <span class='ocrx_word' id='word_1_235' title='bbox 654 4484 801 4548; x_wconf 87' lang='lat' dir='ltr'><strong>codicibus,</strong></span> <span class='ocrx_word' id='word_1_236' title='bbox 829 4489 912 4535; x_wconf 86' lang='lat' dir='ltr'><strong>tamen</strong></span> <span class='ocrx_word' id='word_1_237' title='bbox 937 4493 963 4536; x_wconf 83' lang='lat' dir='ltr'><strong>et</strong></span> <span class='ocrx_word' id='word_1_238' title='bbox 989 4478 1169 4553; x_wconf 69' lang='lat' dir='ltr'><strong>elaiifieatus</strong></span> 
     </span>
     <span class='ocr_line' id='line_1_35' title="bbox 191 4573 1168 4648; baseline 0.009 -22"><span class='ocrx_word' id='word_1_239' title='bbox 191 4585 227 4626; x_wconf 84' lang='lat' dir='ltr'><strong>est</strong></span> <span class='ocrx_word' id='word_1_240' title='bbox 246 4573 492 4642; x_wconf 84' lang='lat' dir='ltr'><strong>uterquei&#39;alatiuus</strong></span> <span class='ocrx_word' id='word_1_241' title='bbox 514 4579 646 4644; x_wconf 86' lang='lat' dir='ltr'><strong>praebent,</strong></span> <span class='ocrx_word' id='word_1_242' title='bbox 667 4588 693 4630; x_wconf 90' lang='lat' dir='ltr'><strong>et</strong></span> <span class='ocrx_word' id='word_1_243' title='bbox 711 4579 818 4632; x_wconf 83' lang='lat' dir='ltr'><strong>lacunae</strong></span> <span class='ocrx_word' id='word_1_244' title='bbox 837 4583 946 4648; x_wconf 85' lang='lat' dir='ltr'><strong>spatium</strong></span> <span class='ocrx_word' id='word_1_245' title='bbox 965 4590 1024 4633; x_wconf 78' lang='lat' dir='ltr'><strong>tate</strong></span> <span class='ocrx_word' id='word_1_246' title='bbox 1042 4598 1098 4634; x_wconf 79' lang='lat' dir='ltr'><strong>eam</strong></span> <span class='ocrx_word' id='word_1_247' title='bbox 1118 4597 1168 4634; x_wconf 87' lang='lat' dir='ltr'><strong>vo·</strong></span> 
     </span>
     <span class='ocr_line' id='line_1_36' title="bbox 192 4670 522 4724; baseline 0.009 -2"><span class='ocrx_word' id='word_1_248' title='bbox 192 4686 247 4722; x_wconf 86' lang='lat' dir='ltr'><strong>een</strong></span> <span class='ocrx_word' id='word_1_249' title='bbox 266 4670 418 4723; x_wconf 82' lang='lat' dir='ltr'><strong>Decurtatus</strong></span> <span class='ocrx_word' id='word_1_250' title='bbox 437 4671 522 4724; x_wconf 76' lang='lat' dir='ltr'><strong>habet.</strong></span> 
     </span>
    </p>
   </div>
   <div class='ocr_carea' id='block_1_9' title="bbox 0 0 1414 5332">
    <p class='ocr_par' dir='ltr' id='par_1_11' title="bbox 0 0 1414 5332">
     <span class='ocr_line' id='line_1_37' title="bbox 0 0 1414 5332; baseline 0 0"><span class='ocrx_word' id='word_1_251' title='bbox 0 0 1414 5332; x_wconf 95' lang='lat' dir='ltr'><strong> </strong></span> 
     </span>
    </p>
   </div>
  </div>
 </body>
</html>
