2820 5332
87 39 160 327 ΙΙ
1168 325 1172 332 4

266 395 272 405 ι

493 680 607 724 ratres
635 680 905 724 rnrenrnartuvs.
1173 654 1253 726 361·

160 871 223 921 stat
258 852 301 919 de
336 853 450 919 metris
485 852 572 919 liber
598 853 688 945 apud
714 853 910 919 Putschium
943 849 1097 945 p.-‘.‘6‘23
1137 850 1251 936 (Gaisi

160 966 249 1034 sord.
279 994 314 1060 p.
342 965 439 1051 942.)
487 968 536 1032 Ex
562 967 820 1060 interpolatione
849 986 915 1048 est,
942 965 1034 1061 quod
1060 968 1094 1030 in
1119 967 1248 1033 Veneta

158 1083 266 1150 Rufini
304 1080 451 1149 editione
483 1100 587 1150 exstat
627 1083 818 1158 Sacerdos,
863 1080 955 1178 quod
987 1083 1090 1149 ettam
1131 1078 1250 1148 docuit

161 1199 321 1268 Donatus
346 1194 387 1280 *).

663 1414 694 1502 ς.
721 1413 756 1481 a.

262 1562 301 1627 ln
336 1562 408 1654 ipsa
440 1560 541 1627 rerba
576 1579 610 1629 et
644 1563 823 1628 sententias
851 1562 971 1629 comici
995 1579 1113 1654 poetae
1139 1560 1252 1631 dedita
1314 1553 1317 1556 ’

166 1702 269 1769 opera
300 1695 334 1743 et
368 1676 511 1768 pristino
544 1675 793 1743 scholiastarnm
819 1701 915 1743 more
941 1679 1151 1743 commentati
1181 1703 1252 1744 esse

165 1792 288 1859 indes
311 1792 468 1859 Fabricio
494 1790 579 1858 Bibl.
604 1792 661 1859 lat.
687 1792 722 1872 l,
749 1817 782 1884 p.
812 1788 856 1860 ld
889 1793 970 1857 Ern.
1003 1792 1038 1858 hi
1068 1793 1253 1884 perhiben-

166 1927 234 1976 tur:
267 1908 425 1973 Aruntius
452 1905 593 1987 Celsus,
616 1906 748 1973 Flavius
775 1908 905 2000 Caper,
931 1909 967 1973 L.
995 1906 1173 1975 Cornelius
1201 1908 1254 1975 Si-

144 2028 278 2105 ¹senna,
306 2026 345 2105 Q.
371 2025 552 2089 Terentius
576 2023 736 2089 Scaurus:
765 2025 884 2117 quibus
911 2021 991 2090 alios
1014 2020 1175 2115 quosdam
1200 2048 1254 2089 re-

168 2141 354 2207 centiorum
383 2139 575 2205 coniectura
601 2136 744 2211 addidit,
792 2140 841 2204 Ex
873 2137 938 2206 illis
965 2156 1072 2204 autem
1100 2155 1255 2231 quattuor

168 2280 289 2335 unum,
329 2255 529 2320 Terentium
562 2252 701 2347 quidem
739 2254 921 2335 Scaurum,
958 2254 1157 2320 mirabiliter
1190 2254 1255 2321 sibi

169 2372 253 2461 eripi
282 2395 396 2462 passus
425 2389 493 2450 est,
527 2372 585 2462 qui
618 2372 787 2438 historiam
820 2350 970 2440 criticam
1004 2369 1256 2437 scholiastarntn
1317 2363 1322 2375 ⁸

169 2485 344 2552 latinorutn
372 2486 541 2577 pertexuit
567 2511 608 2552 ex
629 2486 797 2553 indicibus
823 2489 924 2580 magis
949 2487 1098 2552 haustam
1118 2510 1257 2579 quame

171 2600 322 2694 diligenti
348 2599 492 2679 lectione
518 2618 638 2680 natam,
660 2601 867 2696 Suringnrua.
879 2622 881 2626 ·
895 2602 959 2684 Qui
973 2599 1258 2692 quemadmodum

171 2741 230 2783 ano
255 2720 327 2783 iure
355 2715 471 2782 debito
498 2717 659 2785 Scaurum
694 2717 873 2799 fraudavit,
906 2719 950 2783 ita
982 2738 1050 2781 non
1088 2719 1189 2809 magis
1222 2732 1259 2784 ut

172 2833 317 2899 arbitror
332 2832 541 2898 considerate
553 2831 689 2898 Celsum
706 2850 738 2899 et
748 2833 895 2924 Caprum
908 2834 1065 2900 Sisennae
1084 2828 1257 2916 iunxit**).
1309 2829 1319 2849 ”

173 2946 239 3015 Sed
269 2946 377 3014 dicam
403 2945 446 3012 de
471 2948 522 3013 his
548 2946 684 3015 ordine:
712 2949 856 3040 primum
884 2948 1021 3041 quidem
1044 2947 1155 3028 deiis,
1174 2971 1258 3040 quos

173 3065 340 3130 immerito
363 3065 429 3129 hnc
454 3062 663 3143 rettulerunt,
688 3062 811 3130 deinde
836 3062 880 3130 de
907 3064 982 3144 illis,
1003 3066 1060 3157 qui
1075 3066 1144 3131 veri
1163 3063 1261 3130 scho-

173 3177 287 3246 liastae
305 3178 445 3243 Plautini
462 3179 603 3246 suerunt.
630 3178 754 3246 Ordior
775 3207 792 3246 a
814 3180 958 3249 Flavio
975 3181 1126 3273 Capro.
1154 3180 1263 3263 Quem

176 3298 264 3362 inter
289 3297 443 3361 Terentii
469 3295 660 3363 scholiastes
691 3299 860 3363 recenseri
896 3296 1029 3363 solitum
1058 3284 1193 3389 pridem
1219 3294 1263 3361 de

178 3436 219 3478 eo
244 3411 319 3477 loeo
344 3411 541 3503 Scltopenus
568 3415 670 3478 movit
702 3410 840 3505 eleganti
873 3410 917 3478 de
943 3414 1107 3480 Terentio
1136 3431 1168 3480 et
1192 3414 1264 3480 Do·

177 3508 253 3599 nato
282 3527 513 3593 dissertatione
541 3553 573 3619 p.
595 3530 644 3601 40
669 3552 719 3621 sq.
771 3530 820 3596 Ac
852 3529 929 3596 vide
957 3531 1055 3609 mihi,
1088 3529 1186 3623 quale
1222 3532 1264 3597 sit

175 3642 260 3708 illud
289 3643 429 3709 Charisii
457 3645 687 3721 testimonium,
714 3670 780 3736 quo
810 3645 947 3739 explosa
965 3673 982 3712 a
998 3646 1265 3737 Schopenoopi·

179 3762 235 3825 nio
261 3760 439 3825 nitebatur.
490 3759 546 3826 Sic
571 3758 628 3826 ille
652 3786 687 3853 p.
717 3763 796 3843 175',
823 3761 886 3830 39:
921 3760 1020 3830 Alias
1054 3784 1117 3853 pro
1152 3760 1262 3825 aliter.

181 3876 318 3943 Terent.
345 3879 382 3941 r'n
407 3871 519 3942 And:
557 3874 650 3968 Quid
679 3876 766 3942 alias
790 3876 903 3940 malim
924 3899 1025 3969 quam
1053 3872 1153 3940 hodie
1179 3876 1264 3941 istas

178 4067 468 4083 n—--n--o-——n-

234 4165 263 4234 *J
288 4164 317 4214 ln
339 4163 422 4215 Rufini
441 4163 528 4215 vorbis
548 4165 715 4231 expediendis
743 4165 835 4216 frustra
854 4165 997 4218 elaboravit
1014 4166 1131 4219 Osannua
1150 4162 1265 4230 symbol.

283 4250 326 4313 ll,
350 4267 374 4317 p.
391 4250 442 4302 307
461 4267 520 4318 aq.,
552 4251 719 4319 probabiliter
744 4250 789 4303 ille
808 4252 967 4304 Rufinum
984 4252 1089 4304 saeculo
1110 4253 1199 4319 quinto
1218 4251 1266 4302 tri·

202 4370 206 4389 .
284 4339 374 4401 boens,
395 4339 428 4390 de
446 4339 563 4392 Plotio
583 4341 769 4393 Sacerdote
785 4341 919 4409 disputans
940 4357 965 4409 p.
984 4341 1035 4394 297
1055 4355 1130 4412 sqq„
1150 4337 1183 4390 de
1198 4338 1266 4391 'Al-

286 4425 476 4496 sinopem
497 4443 536 4494 aq.

221 4515 260 4587 ”)
288 4512 383 4563 Eadem
405 4513 460 4563 lere
478 4513 573 4565 Osanni
596 4515 714 4567 condicio
733 4525 790 4580 est,
816 4519 884 4568 inter
909 4532 951 4567 eos
977 4518 1020 4583 qui
1047 4516 1082 4567 ad
1100 4516 1269 4573 merendae

287 4598 373 4652 Plauti
383 4601 485 4666 sedulas
499 4605 692 4654 commentarios
704 4605 864 4672 scripserant,
875 4606 983 4655 trraeime
992 4603 1270 4668 northusensem,

281 4691 419 4747 amttam
436 4688 536 4742 cetum
553 4698 578 4741 et
595 4689 712 4744 Flavium
731 4692 844 4762 caprum
872 4693 981 4744 dicentia
999 4692 1117 4746 Analeet.
1135 4708 1160 4761 p.
1181 4690 1239 4746 tot.
