2820 5332
404 671 655 714 stosreuttnrte
685 671 875 714 aturricus.
1052 667 1060 685 ·
1105 644 1176 719 485

100 843 205 911 Modo
229 867 441 911 numerorum
467 846 649 911 rationibus
672 847 794 910 rectius
819 871 917 936 quam
934 872 950 910 a
965 847 1082 914 Bothio
1097 874 1178 916 con-

101 958 245 1037 sulatur,
282 959 373 1026 cuius
407 960 562 1051 pinguius
588 936 755 1024 inventuri]
783 983 927 1051 namque
951 961 1019 1025 illie
1044 963 1179 1052 quidem

101 1072 193 1137 haud
217 1090 324 1164 negat
350 1097 417 1138 nou
444 1071 622 1151 dubitabis,
650 1072 762 1151 eredo,
791 1074 868 1138 huic
894 1075 1117 1164 posthabere:

198 1226 259 1272 ΤΗ.
295 1201 387 1293 Quid
412 1204 504 1268 iam?
562 1226 614 1272 rr.
650 1207 721 1268 scio
747 1201 872 1268 iocdris
896 1229 987 1269 nrrrrc
1011 1221 1063 1271 tu:
1097 1233 1177 1274 uam

523 1313 580 1384 llle
605 1319 740 1411 quidem
765 1318 859 1384 lzaucl
886 1316 1035 1412 [edepo'l]
1063 1340 1178 1414 negat.

101 1452 205 1518 Antea
232 1451 333 1516 erede
361 1451 508 1530 dixerat,
531 1476 620 1517 nunc
643 1456 713 1517 scio
739 1453 798 1536 ait3
833 1452 926 1517 leand
949 1470 1056 1544 negat
1082 1454 1178 1522 dixe-

101 1584 152 1632 rat
178 1565 389 1658 simpliciter,
427 1590 493 1658 quo
521 1567 640 1632 sortius
668 1585 700 1632 et
724 1566 881 1635 audacius
909 1585 959 1635 est
981 1569 1074 1634 haud
1099 1570 1177 1635 ede-

99 1683 159 1774 pol
191 1699 316 1773 negat,
357 1682 507 1747 similiter
538 1701 637 1773 atque
673 1710 700 1747 v.
724 1684 771 1752 39
806 1703 1032 1750 asseveranter
1067 1711 1177 1777 nugas

102 1799 210 1890 inquit
237 1821 408 1890 nunquam
435 1796 556 1889 edepol
580 1795 685 1862 dabit.
744 1799 851 1891 Eique
885 1798 1007 1890 edepol
1028 1804 1177 1894 particu-

101 1912 154 1977 lae
181 1930 269 2005 grata
293 1931 324 1977 et
351 1913 465 1978 Plauto
494 1914 609 1978 usitata
635 1914 859 1980 concinnitate
881 1915 1107 2008 Theuropidis
1124 1943 1179 1983 re-

107 2051 267 2119 sponsum
292 2027 434 2092 refertur
459 2031 558 2092 immo
584 2026 743 2119 edepol
765 2045 873 2119 negat
892 2036 1062 2122 prosecta.

205 2175 363 2241 Ceterum
387 2175 489 2241 miror
513 2200 580 2241 nou
607 2176 705 2240 etiarn
721 2155 834 2244 ‘Most
861 2179 918 2258 IV,
945 2182 977 2260 Q,
1003 2177 1051 2248 42
1077 2201 1110 2247 et
1131 2179 1178 2250 43

102 2289 135 2352 in
162 2290 355 2381 suspicionis
382 2291 572 2356 societatem
599 2293 718 2356 ascitos
745 2315 825 2372 esse,
853 2293 947 2358 utin
973 2296 1092 2387 quibus
1111 2301 1179 2362 exi-

102 2429 163 2494 gua
189 2405 365 2471 verborum
393 2408 546 2472 varietate
574 2406 688 2471 eadem
716 2409 875 2471 sententia
902 2411 1047 2475 iteretur.
1106 2412 1177 2479 Sed

31 2548 35 2554 ·
101 2517 200 2586 liceat
222 2519 354 2611 plenius
380 2522 444 2586 hoc
477 2522 669 2613 exemplum
704 2540 844 2587 tractare
877 2543 1018 2615 propter
1045 2551 1178 2593 coacer-

105 2655 191 2700 vatas
228 2634 481 2728 depravationes
515 2637 744 2704 memorabile.
808 2637 995 2731 Vulgantur
1026 2642 1073 2706 ibi
1099 2642 1178 2709 iude

105 2774 122 2813 a
149 2776 176 2815 v.
201 2747 248 2817 40
275 2751 391 2816 hacce:

222 2905 281 2950 ΤΗ.
305 2884 435 2974 Egone.
485 2903 539 2954 SE·
567 2901 612 2949 tu.
663 2907 723 2952 ΤΗ.
760 2902 795 2949 tu
822 2910 865 2949 ne
891 2887 1069 2952 molestus:
1104 2894 1178 2980 sine

595 3024 647 3064 me
672 3024 745 3063 cum
767 3024 873 3091 puero
897 3001 996 3095 loqui.

127 3121 174 3185 40
224 3139 287 3185 ΡΗ.
314 3117 421 3184 Nemo
447 3115 605 3182 habitat?
630 3113 724 3179 leem!
751 3138 811 3184 ΤΗ.
839 3120 889 3181 ita
910 3121 1082 3209 profecto.
1114 3142 1175 3188 ΡΗ.

595 3256 676 3297 nam
700 3231 776 3296 lteri
796 3248 829 3295 et
856 3232 980 3298 nudius
1006 3240 1140 3310 tertius,

235 3350 401 3440 Quartus,
426 3352 583 3442 quintus,
608 3363 724 3413 sextus
750 3371 873 3438 usque,
895 3365 1074 3440 postquam
1096 3352 1176 3418 tuae

585 3486 731 3556 peregre
758 3466 828 3527 eius
850 3480 952 3553 pater

225 3579 340 3662 Abte,
383 3605 557 3672 nunquam
591 3579 739 3645 triduum
766 3583 802 3643 in
829 3604 932 3645 uuum
956 3579 1099 3663 desitum
1125 3600 1175 3648 est
1252 3626 1255 3632 ·

590 3719 662 3760 esse
689 3710 720 3760 et
748 3693 825 3764 bibi.

221 3836 279 3880 ΤΗ.
309 3811 402 3903 Quid
425 3811 503 3877 uis?
552 3833 613 3879 ΡΗ.
641 3809 788 3876 triduum
816 3815 853 3874 iu
879 3835 982 3875 unum
1007 3828 1058 3876 est
1083 3810 1177 3876 lzaucl

588 3931 815 3993 intermissum
837 3924 892 3989 lu‘e
917 3950 988 3990 esse
1014 3943 1048 3990 et
1075 3923 1155 3999 bibi,

225 4041 351 4109 Seorta
372 4042 461 4123 duci,
482 4045 715 4134 pergraecari,
740 4039 920 4125 fidicinas,
945 4039 1104 4105 tibicinas

128 4173 173 4244 45
224 4178 367 4242 Ducere.
416 4197 477 4244 ru.
504 4179 578 4269 qrris
600 4177 706 4238 istaec
716 4152 721 4162 ⁸
722 4170 913 4258 faciebat?
964 4193 1026 4239 re.
1060 4172 1177 4238 Philo-

596 4287 720 4354 laclres.
770 4309 830 4354 ΤΠ.
861 4291 920 4380 qrri
941 4287 1177 4355 Philolaches?

103 4422 142 4485 In
168 4421 218 4487 his
244 4420 429 4512 permirum
455 4438 505 4486 est
530 4418 673 4487 editores
705 4417 748 4484 ad
776 4443 874 4484 unum
904 4441 1019 4484 omnes
1046 4421 1174 4510 patien-

103 4556 155 4604 ter
181 4536 295 4603 tulisse
327 4537 412 4603 hauc
448 4536 747 4609 catastructionem:
781 4532 926 4626 desitum
958 4549 1009 4597 est
1043 4559 1114 4599 esse
1139 4550 1174 4598 et

99 4653 176 4733 lu'bl,
199 4649 484 4744 itemquepaullo
511 4669 586 4742 post
611 4665 727 4714 seona
751 4648 841 4724 duci,
867 4646 1025 4715 tibicinas
1038 4649 1171 4716 ducere.
