2820 5332
220 680 292 753 398
634 701 688 744 νη.
715 699 893 745 serumst

222 893 273 945 tus
299 891 405 944 autem
422 869 603 968 Longuiius
623 875 684 942 etei
705 873 739 941 iu
761 874 980 944 colonienses
997 898 1024 941 a.
1045 870 1304 946 atrocitate

222 994 257 1079 (e
284 993 404 1085 quibus
430 989 671 1082 pependerunt
696 990 849 1083 Hcrvagii
875 986 1083 1056 Basilcenses
1109 1015 1137 1056 a.
1154 990 1247 1058 toto
1269 1007 1304 1058 et

224 1109 327 1184 1550,
357 1103 568 1199 Gryphiique
595 1103 833 1197 Lugdunenses
873 1130 900 1171 a.
929 1102 1032 1173 1535.
1063 1103 1166 1175 1537.
1191 1101 1303 1190 1640)

220 1225 357 1314 recepit,
383 1240 559 1288 tamenne
584 1221 657 1311 quis
684 1217 863 1299 falleretur,
889 1217 973 1287 cavit
997 1218 1048 1284 his
1071 1220 1201 1287 verbis:
1230 1217 1303 1288 Ar-

219 1352 419 1427 gumentum
443 1355 587 1426 septiens
620 1356 693 1398 cum
715 1334 861 1425 prologo
886 1351 922 1401 et
941 1334 1045 1424 primi
1068 1349 1165 1400 aettts
1186 1330 1302 1411 initio,

220 1456 380 1545 quereiam
415 1454 571 1516 carmina
607 1447 666 1513 illa
699 1471 770 1514 non
806 1452 892 1514 ratis
919 1446 1077 1516 redolere
1101 1448 1302 1516 Plautinum

219 1569 429 1658 elegantiam
454 1561 551 1629 nobis
568 1568 647 1630 -visa
670 1579 764 1638 sarit,
788 1561 970 1631 subditicio
981 1578 1148 1654 putamus.
1174 1565 1227 1632 Ab
1246 1565 1300 1631 his

218 1682 421 1775 aliquantum
455 1678 712 1771 discrepassent
741 1681 982 1746 acerrimorum
1004 1682 1151 1747 virorum
1177 1678 1300 1745 iudicia

221 1795 355 1888 Iosephi
390 1794 549 1886 Scaligeri
584 1810 618 1858 et
647 1791 786 1858 Adriani
815 1792 976 1871 Turnebi,
1012 1816 1155 1886 quorum
1180 1790 1238 1860 iIIe
1264 1795 1300 1859 iu

212 1911 396 1985 ,Cateleetis
421 1906 452 1992 *)
483 1909 663 2000 prologum
684 1906 907 1974 Bacchidibus
931 1904 1050 1976 Plauti
1069 1911 1301 2001 praepositum

219 2014 305 2093 οὔτε
331 2018 446 2115 πρώην
471 2015 553 2091 οὔτε
580 2019 672 2116 χθές
687 2027 829 2111 sactum
855 2024 953 2103 dicit,
982 2024 1049 2092 hoo
1070 2041 1138 2106 eet,
1164 2027 1301 2118 etipse

156 2148 158 2152 ”
220 2143 461 2232 iuterpretatur
498 2138 635 2230 epistola
669 2138 712 2205 ad
744 2141 1000 2206 Taubmannam
1033 2144 1067 2206 in
1098 2139 1195 2207 huius
1219 2137 1300 2209 edit.

219 2255 320 2346 11,p.
350 2251 461 2334 1314,
498 2276 568 2319 non
593 2253 729 2346 quidem
750 2259 974 2331 recentioris,
1008 2254 1070 2320 scd
1103 2271 1219 2320 tamen
1247 2278 1303 2320 se·

219 2373 347 2462 peioris
368 2374 463 2447 aevi,·
488 2369 543 2436 hic
561 2387 670 2436 autem
680 2369 857 2438 Adversar.
871 2369 930 2440 lib.
945 2372 988 2451 ΙΙ,
1002 2395 1074 2464 cap.
1096 2370 1151 2450 tt,
1165 2395 1197 2463 p.
1212 2370 1255 2436 31
1276 2369 1303 2435 b

220 2500 318 2550 eatat
351 2487 459 2578 inquit
492 2488 530 2550 in
563 2483 722 2551 Bacclcid.
753 2487 918 2578 prologus
942 2508 1014 2551 non
1040 2485 1097 2552 iile
1121 2483 1255 2577 quidem
1279 2504 1304 2548 a

222 2601 348 2667 Plauto
371 2605 526 2692 scriptus,
563 2606 622 2693 qui
645 2618 761 2666 tamen
786 2605 1026 2693 antiquitatem
1051 2600 1139 2679 olet,·
1177 2617 1210 2666 et
1239 2597 1300 2665 lib.

222 2716 315 2796 XIII,
338 2740 411 2809 cap·
439 2719 496 2796 92,
522 2742 554 2808 p.
581 2714 654 2787 ‘246
677 2717 713 2783 b:
749 2717 914 2808 prologus
939 2721 998 2808 qui
1019 2713 1137 2784 Plauti
1160 2711 1304 2784 Bacclci·

222 2831 319 2898 dibus
343 2837 578 2924 praetexitur,
609 2856 682 2898 non
707 2830 763 2899 iile
788 2829 923 2924 quidem
945 2857 968 2896 a
991 2832 1117 2909 Plauto
1138 2836 1302 2921 scriptus:

221 2953 380 3039 apagesis
405 2949 496 3014 illum
522 2972 545 3010 a
566 2965 636 3012 tam
655 2949 809 3039 eleganti
821 2949 996 3041 latinoque
1008 2950 1153 3014 contioot
1180 2966 1303 3011 verun-

224 3079 339 3128 tamen
361 3087 384 3127 a
410 3069 517 3130 veteri
540 3065 653 3157 aliquo
678 3069 844 3157 scriptore
865 3068 1056 3156 profectus,
1081 3086 1153 3130 non
1172 3065 1306 3129 receuti

223 3182 385 3243 memoria
409 3196 519 3244 natus.
569 3183 718 3263 Quorum
744 3203 812 3246 non
837 3181 960 3247 veritus
983 3180 1210 3247 auctoritatem
1231 3201 1303 3244 mo-

152 3312 154 3316 “
223 3293 360 3374 destina,
387 3313 422 3361 ut
451 3300 628 3374 consuevit,
652 3293 860 3363 Camerarius
895 3318 982 3388 puae
1008 3320 1087 3361 vero
1113 3297 1158 3361 ait
1181 3294 1303 3360 addita

224 3410 386 3499 leguntur
407 3414 445 3475 in
468 3408 570 3476 editis
595 3408 702 3487 libris,
728 3427 766 3476 ut
789 3411 868 3477 licet
889 3410 1092 3502 permade
1111 3413 1152 3477 tis
1174 3415 1304 3476 sentiat

152 3590 155 3595 .
222 3529 363 3617 quaeque
386 3523 479 3617 quod
505 3526 663 3592 voluerit:
687 3530 739 3592 ita
765 3526 818 3592 vel
840 3526 1056 3593 mediocriter
1081 3528 1189 3592 literis
1205 3527 1304 3593 Lati·

224 3644 278 3706 nis
301 3637 437 3705 erudito
462 3637 598 3706 dubium
622 3666 695 3707 esse
722 3665 793 3707 non
814 3658 939 3732 potest,
963 3639 1129 3710 Plautina
1154 3643 1213 3708 illa
1231 3664 1305 3706 non

223 3780 317 3833 esse,·
357 3754 460 3822 multo
491 3776 601 3824 autem
635 3758 855 3826 confidentius
887 3776 999 3827 nostra
1028 3759 1163 3826 demum
1197 3772 1306 3826 aetate

222 3871 425 3938 Niebuhrius
451 3872 645 3940 tralaticium
682 3873 786 3940 iidem
822 3875 1145 3969 supplementorum·
1169 3871 1305 3944 illorum

223 3985 358 4054 adortus
384 4006 442 4054 est.
493 3989 546 4054 De
570 3991 663 4054 cuius
686 3994 978 4072 commentatione,
1010 4016 1105 4085 quiae·
1125 3990 1171 4058 de
1199 3991 1305 4058 scenis

224 4103 403 4195 suppositis
417 4103 641 4171 plautinarum
666 4105 851 4173 fabularum
864 4109 987 4202 scripta
1003 4109 1147 4200 primum
1162 4108 1198 4172 in‘
1215 4107 1306 4173 Actis

223 4218 369 4285 academ.
395 4220 598 4287 Berolinens.
626 4248 654 4288 a.
686 4222 778 4292 1816
804 4223 951 4315 prodiit,
977 4248 1067 4290 nunc
1090 4225 1231 4316 repetita
1257 4240 1308 4290 est

223 4334 256 4398 in
283 4335 465 4428 Opuseulis
487 4337 652 4406 historicis
679 4356 716 4405 et
736 4335 958 4432 philologieis,
991 4364 1058 4443 nou
1082 4339 1229 4407 diffiteor
1252 4364 1308 4406 me

224 4516 524 4535 ...ομ-

275 4613 302 4680 ·)
330 4611 383 4660 lloc
401 4610 459 4661 dico
478 4609 584 4662 oliorum
601 4607 666 4662 ude:
694 4607 841 4677 Ipseenim
867 4610 892 4660 ia
918 4606 1020 4677 ttrptu
1036 4610 1184 4681 Appeniice
1207 4625 1223 4660 a
1244 4608 1307 4661 Lin-

323 4696 480 4749 destructio
501 4697 528 4749 t..
547 4697 575 4749 Β.
594 4712 618 4750 a.
639 4697 706 4751 ¹595
725 4698 815 4750 iterata
835 4698 929 4749 frustra
947 4699 1073 4766 autenti.
