2820 5332
318 89 319 96 ,
832 88 844 92 -

86 425 89 433 ι

439 693 604 739 recurunt
634 692 825 738 rntvrmaa.
1103 673 1173 741 555

93 893 175 932 rrum
200 902 224 911 -
251 892 364 960 e.q.s.‚
389 883 445 931 aut
470 864 607 931 sortasse
630 863 814 956 simplicius
842 871 957 934 etiam:
984 865 1090 934 Fides
1112 890 1175 930 aet-

95 1000 163 1049 tem
189 982 249 1048 illu
274 1000 346 1058 tua,
369 980 536 1073 perfidiae
557 1005 661 1071 quam
690 982 789 1071 vulgo
816 1000 959 1076 crepant
984 985 1175 1054 contrariu,

95 1101 131 1163 in
148 1123 199 1163 me
222 1099 274 1165 vel
294 1101 458 1190 primario
486 1097 639 1188 exemplo
664 1101 799 1178 enituit,
824 1116 862 1166 ut
884 1124 982 1192 quem
1002 1122 1108 1164 nune
1128 1097 1176 1162 ie·

98 1219 189 1281 viora
214 1214 411 1280 discrimine
432 1217 590 1292 servaris,
616 1212 678 1278 sed
692 1230 834 1303 praeter
851 1216 988 1281 solitum
1005 1216 1173 1305 propitius

95 1346 261 1422 tauquam
282 1332 460 1421 praesenti
483 1332 589 1395 exitio
616 1332 788 1419 eripueris.
823 1331 1012 1422 Vtrumque
1029 1331 1063 1393 in
1090 1345 1184 1394 tanta-

96 1447 196 1510 animi
237 1447 459 1511 commotione
494 1445 671 1536 significari
706 1444 768 1510 ista
803 1447 981 1512 verborum
1016 1444 1177 1508 brevitate

95 1562 242 1651 potuisse
270 1585 369 1626 nemu
397 1583 464 1626 uon
492 1559 592 1625 videt
637 1562 706 1626 Nec
733 1562 768 1624 in
795 1583 835 1627 eo
862 1561 920 1653 qui
946 1561 1051 1652 sapiat
1072 1558 1178 1625 oileu-

95 1675 169 1755 det,
198 1673 290 1765 quod
317 1674 544 1767 periculorum
572 1673 724 1754 illorum,
749 1700 835 1766 quae
863 1675 964 1741 modo
991 1673 1179 1764 descripsit,
1265 1715 1268 1720 -

96 1790 168 1855 dira
184 1789 420 1856 recordatione
442 1793 659 1855 commonitus
679 1790 760 1857 haec
780 1791 914 1857 subiicit
932 1790 1035 1857 r.‘29:
1055 1785 1177 1878 Apage

97 1930 118 1968 n
133 1930 184 1968 me
197 1910 256 1979 sis,
281 1931 421 1997 quorum
449 1908 526 1971 item
554 1905 679 1996 duplex
706 1922 818 1996 potest
835 1906 880 1971 vis
896 1930 977 1982 esse,
1004 1904 1030 1968 si
1050 1903 1090 1967 ad
1110 1903 1182 1967 dia-

96 2022 247 2087 lecticam
278 2022 483 2086 severitatcm
515 2022 646 2112 exigere
684 2021 850 2112 poeticam
876 2019 1178 2110 breviloquentiam

98 2135 260 2213 volumus,
285 2152 341 2200 aut
359 2138 455 2201 haec:
482 2137 598 2202 Turno
624 2139 692 2224 igi
702 2153 773 2200 tur
798 2161 872 2202 cum
891 2140 937 2201 sit
954 2138 1060 2199 muris
1085 2149 1182 2198 nno-

97 2255 206 2334 citns‚
245 2250 327 2340 quid
355 2255 475 2316 mirum
506 2254 538 2315 si
570 2251 658 2316 nihil
685 2255 721 2315 in
741 2268 914 2341 posterum
939 2251 1073 2316 voluero
1099 2250 1183 2313 milei

98 2383 207 2430 tecum
232 2369 286 2430 rei
307 2391 403 2444 esse,
439 2370 576 2431 tametsi
600 2390 692 2431 nunc
722 2392 773 2431 nte
798 2371 969 2444 servarim
1001 2383 1056 2431 aut
1087 2367 1179 2439 haec,

98 2507 182 2571 quae
210 2506 399 2572 quanquam
425 2480 545 2547 leviter
570 2499 695 2546 tautum
722 2483 854 2548 inverso
880 2484 1096 2573 cogitatorum
1124 2505 1179 2545 or·

100 2595 178 2660 dine
206 2621 316 2686 paene
331 2595 451 2662 eodem
473 2597 569 2674 redit,
597 2613 706 2663 tamen
722 2597 862 2689 propius
879 2595 921 2662 ad
942 2615 1085 2662 extrema
1107 2621 1182 2660 rer-

27 2720 34 2732 *
98 2713 141 2776 ha
162 2711 215 2796 (ni
228 2734 299 2802 pax
314 2716 466 2802 propitia
481 2714 586 2797 soret
603 2711 760 2803 praesto)
777 2713 983 2803 astringitur:
1010 2710 1094 2778 Sed
1119 2727 1182 2774 tn-

98 2853 199 2900 naen,
225 2832 440 2920 quantumvis
454 2842 614 2918 paratum
631 2828 794 2892 cueilium
819 2843 912 2893 tuum
929 2842 1089 2916 expertus
1103 2829 1179 2900 sim,

99 2960 135 3007 ut
151 2943 262 3007 denuo
280 2943 343 3008 tibi
360 2942 544 3033 eorrfidam,
570 2947 607 3008 in
625 2959 728 3008 tauta
748 2946 883 3008 itineris
907 2945 1071 3007 maritimi
1089 2940 1127 3005 di
1150 2941 1180 3004 i·
1256 2942 1257 2945 ’

100 3059 226 3123 ertltntc
243 3055 314 3135 tion
325 3077 446 3149 potero
467 3083 489 3121 a
512 3081 563 3122 me
577 3063 822 3148 impetrare-
835 3044 993 3125 Ceterum
1006 3055 1096 3148 quod
1112 3056 1180 3120 Ne-

99 3176 193 3266 ptuni
218 3173 428 3264 deorumque
447 3175 644 3264 aequitatem
657 3171 858 3264 praedicans
879 3171 1074 3239 Charmides
1095 3197 1183 3238 nime

96 3289 138 3354 de
155 3288 357 3380 paraperibus
381 3307 413 3353 et
428 3287 595 3367 divitibus,
622 3313 711 3355 nunc
730 3287 772 3353 de
790 3287 954 3353 mendicis
967 3306 999 3353 et
1012 3285 1178 3352 nobilibus

101 3404 259 3495 loquitur,
287 3421 430 3495 apparet
454 3403 520 3470 levi
546 3405 721 3469 verborum
746 3404 963 3470 inconstantia
995 3429 1089 3470 usum
1117 3429 1180 3468 una

98 3522 235 3586 notione
263 3519 377 3584 divites
403 3518 599 3609 nobilesque
628 3520 776 3612 itemque
801 3545 967 3613 pauperes
995 3538 1029 3586 ct
1049 3520 1181 3613 ignobi·

98 3632 148 3701 les
176 3632 474 3725 comprehendere.
511 3634 563 3699 Ad
590 3660 679 3698 suam
708 3653 818 3701 autem
846 3634 1079 3701 condicionem
1105 3659 1178 3698 cum

98 3749 187 3815 illam
214 3750 348 3817 laudem
376 3750 618 3831 accommodat,
644 3776 713 3817 non
738 3753 895 3817 continuo
919 3748 1080 3814 mendicis
1106 3774 1181 3815 sese

102 3885 303 3939 annumerat,
330 3866 391 3933 sed
420 3884 542 3932 tantum
571 3866 694 3933 ditibus
712 3865 936 3931 ·ctn0bilibus
959 3864 1109 3954 opponit.
1136 3865 1182 3929 Vt

103 3980 185 4046 nihil
208 3982 359 4071 prosectu
393 3984 630 4073 repugnantiae
665 4005 738 4046 cunr
765 3977 909 4070 insipido
935 3981 1121 4071 interprete
1148 3980 1181 4043 in

101 4122 140 4163 eo
168 4095 398 4188 quaerendum
425 4100 478 4176 sit,
507 4096 600 4189 quod
617 4101 704 4161 satis
728 4119 764 4159 se
788 4111 925 4185 partum
938 4092 1075 4171 habere,
1101 4093 1180 4159 dum

88 4211 170 4300 filio
197 4213 334 4278 divitias
359 4218 563 4302 qrtaesierit,
585 4238 613 4278 v.
644 4212 686 4279 19
713 4209 804 4290 dicit,
832 4210 882 4276 vel
906 4235 1038 4278 merces
1063 4235 1080 4274 e
1106 4213 1176 4274 navi

100 4329 209 4395 efferri
235 4330 329 4394 iubet
355 4331 411 4406 lV,
437 4327 471 4400 4,
497 4331 559 4405 tt,
594 4327 644 4393 vel
675 4352 711 4392 re
747 4327 832 4390 hene
864 4344 953 4416 gesta
986 4352 1023 4391 se
1050 4324 1178 4391 redisse

101 4461 237 4510 testatur
252 4447 292 4521 V,
307 4449 339 4521 2,
354 4448 411 4514 58.
463 4445 545 4510 Nam
575 4471 646 4509 cum
676 4447 761 4509 inter
787 4441 924 4507 divitum
950 4441 1180 4534 nobiliumque

101 4580 133 4625 et
168 4560 398 4628 mendicorum
432 4561 674 4652 humiliumque
716 4557 949 4627 condicionem
984 4558 1075 4624 multi
1111 4577 1181 4624 tan·

101 4701 200 4770 quam
227 4676 348 4770 gradus
372 4677 537 4756 intersint,
565 4677 642 4756 etsi,
668 4700 735 4768 quo
763 4676 836 4767 quis
862 4675 1001 4765 propius
1027 4673 1069 4740 ad
1094 4673 1180 4740 hauc
