2820 5332
413 708 435 759 ι.
461 710 504 754 nn
527 709 643 756 anaim
668 709 795 755 noenta
824 711 1015 758 uoututavs.
1212 694 1256 763 15

160 891 313 973 Quorum
336 884 593 978 exemplos-um
631 884 746 975 priore
778 883 866 949 adeo
898 883 940 950 ad
965 884 1070 952 solam
1097 886 1257 956 Commo·

158 1005 286 1069 tientes
312 1000 456 1068 relatum
480 1001 588 1090 potuit
622 1022 661 1065 eo
689 1017 861 1091 spectare,
895 998 989 1090 quod
1021 1025 1039 1065 a
1065 999 1180 1068 Plauto
1206 1003 1255 1069 iu-

159 1133 249 1182 ctam
283 1116 358 1208 ipse
391 1114 579 1178 Terentius
606 1109 671 1176 Ad.
704 1111 792 1203 prol.
825 1116 844 1181 7
878 1111 1025 1198 dixerat3
1058 1118 1255 1207 posteriom's
1310 1184 1314 1188 ,

157 1254 231 1297 non
261 1228 446 1296 mediocris
480 1247 530 1294 est
559 1253 577 1293 a
611 1251 767 1294 caesurae
800 1226 962 1322 elegantia
1000 1232 1253 1304 commendatio.

158 1345 212 1411 De
251 1346 318 1412 hoc
348 1361 462 1409 antem
494 1366 698 1435 quocunque
732 1341 834 1410 modo
868 1342 1086 1410 iudicabitur:
1121 1348 1253 1415 inverso

160 1457 305 1550 quidem
332 1455 451 1524 outline
478 1455 640 1524 collocuta
664 1459 784 1524 Macci
807 1459 879 1526 Titi
903 1460 1039 1526 uomina
1065 1463 1255 1553 teuspran-

159 1572 241 1639 aidii
268 1572 321 1639 vel
342 1573 385 1642 ab
410 1572 564 1638 Enniano
589 1596 689 1638 versu
714 1573 851 1654 habent,
881 1577 940 1666 qui
968 1593 1019 1642 est
1043 1575 1134 1669 apud
1158 1576 1259 1645 Cice*

157 1688 397 1755 aonemcllruti
425 1712 453 1754 c.
483 1688 546 1755 15:
970 1772 977 1783 .

263 1801 336 1890 Ore
362 1802 534 1894 Cethegus
558 1804 701 1871 Morcus
727 1801 901 1870 Tuditano
927 1804 1079 1896 collega.-

160 1919 240 1984 iam
265 1943 285 1983 a
308 1918 495 1984 Pacuviano
520 1913 614 2009 opud
641 1915 788 1983 Gellium
813 1919 838 1997 l,
865 1915 929 1986 24:

260 2033 333 2098 Hic
355 2048 438 2098 suut
459 2048 584 2123 poetae
605 2029 740 2100 Pacuvi
761 2035 879 2100 Marci
901 2038 971 2099 sita

262 2146 353 2213 Ossa
402 2195 410 2212 .
461 2198 470 2216 .
521 2195 530 2211 .
582 2173 591 2211 ε

160 2286 265 2356 quem
288 2262 350 2354 qui
373 2259 416 2328 ad
444 2261 613 2354 vulgarem
639 2261 917 2331 consuetudinem
952 2279 1113 2330 mutatum
1138 2259 1275 2357 volue-⁴

160 2394 258 2458 runt,
292 2399 363 2444 non
399 2394 527 2444 tautum
564 2377 741 2459 codicum,
774 2378 809 2442 in·
835 2379 887 2443 his
913 2378 1010 2444 etium
1035 2378 1188 2444 Vaticani
1223 2395 1256 2442 et

158 2490 443 2573 vindobonensia,
468 2492 551 2560 fidei
572 2493 694 2578 leviter
716 2493 906 2567 illuserunt,
932 2517 1047 2558 verum
1074 2492 1172 2560 etiam
1190 2492 1255 2556 vim

159 2631 378 2674 numerorum
400 2606 542 2674 Bentleii
567 2610 743 2700 sagacitate
762 2607 982 2701 *significatam
999 2631 1086 2677 saun.
1113 2607 1148 2670 in
1174 2606 1254 2672 llos.

161 2720 270 2788 Serm.
297 2721 342 2787 ΙΙ.
365 2723 399 2803 5,
414 2722 460 2792 79
490 2724 563 2788 sine
589 2721 658 2789 ulla
679 2725 875 2789 necessitate
902 2723 1119 2815 infregerunt
1146 2724 1255 2803 Quan-

162 2861 263 2927 quam
287 2830 386 2905 latini
410 2834 505 2904 illum
532 2863 628 2905 usum
653 2855 772 2930 putere
796 2861 859 2904 nac
886 2859 957 2901 esse
986 2850 1161 2926 poetarum
1175 2855 1257 2925 pro·

162 2952 275 3040 prium
299 2950 490 3020 docuerunt
512 2970 647 3045 praeter
672 2951 755 3017 alios
782 2976 800 3015 a
825 2949 953 3015 Kaiuio
979 2947 1110 3042 Proleg.
1135 2948 1171 3012 in
1196 2944 1257 3012 Sa-

160 3065 235 3132 lust.
261 3062 330 3158 lug.
355 3092 391 3158 p.
417 3066 516 3131 XXII
540 3092 590 3159 sq.
616 3082 892 3134 commemoratos
915 3062 1104 3131 Gronovius
1125 3079 1159 3129 et
1171 3064 1257 3127 Dua-

160 3179 388 3269 kenborchius
410 3205 487 3252 ann.
508 3181 543 3246 in
570 3182 639 3248 Liv.
666 3179 725 3259 ΙΙΙ,
755 3183 784 3249 l.
835 3179 906 3245 Nec
941 3179 1128 3245 abhorrent
1153 3203 1172 3243 a
1207 3196 1253 3243 ta·

161 3293 243 3361 lium
268 3294 497 3377 similitudine,
526 3295 636 3388 qualia
659 3316 736 3364 sunt
759 3295 888 3364 Fabius
918 3297 1075 3388 Quintus,
1101 3297 1257 3365 Vinicius

159 3389 312 3490 Publius,
333 3409 388 3478 vel
414 3410 513 3477 etiam
538 3411 627 3478 Cato
654 3414 815 3489 Marcus,
849 3412 998 3504 quamvis
1031 3408 1258 3502 discrepantia

160 3523 335 3616 exemplo:
362 3523 536 3606 Scaevola·
555 3528 705 3601 Mucius,
732 3527 820 3594 Milo
837 3525 985 3607 Annius,
1013 3547 1156 3618 quorum
1171 3523 1258 3592 mul-

161 3636 342 3704 titudinem
375 3658 453 3732 post
472 3639 713 3709 Ruhnkenium
738 3641 882 3708 Kritzius
911 3665 985 3708 ann.
1008 3642 1044 3706 in
1064 3637 1187 3709 Vellei.
1215 3642 1261 3723 ΙΙ,

159 3754 206 3824 26
233 3755 352 3846 coegit.

353 3897 356 3901 ⁴
668 3931 705 4017 §·.
727 3931 758 3996 a.

261 4082 317 4159 Ab
343 4084 418 4152 hoc?
434 4085 604 4179 principio
628 4110 765 4153 exorsus
793 4085 874 4153 dum
900 4085 1094 4153 dubitanter
1110 4085 1256 4151 ciccum-

163 4196 301 4290 tpicora
326 4198 390 4267 alia
416 4199 461 4268 de
484 4200 592 4268 Plauti
615 4202 806 4268 nominibus
832 4199 1019 4268 testimonia
1040 4199 1186 4292 novique
1207 4199 1258 4265 in-

163 4313 256 4380 nanti
274 4311 367 4385 illias
387 4315 597 4384 &momenta
623 4317 762 4406 incipio,
785 4314 880 4382 illico
901 4312 1068 4381 recordor
1092 4316 1259 4383 Marcu-

160 4427 272 4495 tosia
311 4431 479 4498 mnndum
516 4431 552 4497 in
578 4430 816 4499 diversissimus
842 4446 955 4523 partes
978 4428 1197 4523 disceptatum
1226 4449 1259 4498 et

160 4540 411 4633 propemodum
435 4542 664 4637 despemtum,
691 4543 826 4638 prologi
856 4547 923 4613 10:

264 4726 269 4736 ,
312 4652 446 4724 Eade'm
472 4659 580 4728 latine
605 4654 787 4726 Me'rcotor
810 4662 927 4726 Murci
946 4631 1053 4728 Accii.
