2820 5332
461 672 708 715 uosrecnauuta
736 671 927 718 satvrrnas.
969 712 984 720 ⁴.
1162 648 1234 723 4ἶό

157 846 199 911 Ει
220 842 349 934 priores
372 839 509 934 quidem
535 838 618 909 duos
644 866 755 911 versus
769 843 809 907 ab
832 842 891 911 illo
915 842 990 912 loeo
1017 844 1237 915 alienissimos

163 984 235 1027 esse
261 979 359 1022 uerno
384 972 434 1026 cst
457 982 558 1047 quem
583 940 693 1048 fugiat.
731 960 818 1051 Ergo
837 957 965 1027 delevit
984 961 1162 1031 Gruterum
1181 986 1238 1028 se-

162 1093 255 1140 cutus
275 1071 422 1151 Bothius,
449 1089 486 1137 ut
511 1098 528 1137 e
554 1071 624 1138 sola
651 1076 855 1164 repetitione
873 1100 1028 1143 versuum
1055 1077 1137 1148 159.
1170 1078 1236 1147 160

163 1209 276 1269 ortos,
301 1213 385 1281 quos
407 1206 547 1279 apparet
567 1212 703 1279 prorsus
729 1214 788 1259 suo
813 1189 888 1261 loco
915 1216 988 1258 esse
1010 1193 1152 1283 positos:
1177 1219 1238 1284 pa-

163 1332 236 1373 rum
253 1303 340 1370 illud
365 1303 519 1394 prosectu
545 1305 606 1375 arti
633 1306 876 1375 convenienter.
927 1307 1011 1375 Nam
1037 1333 1099 1373 nec
1121 1309 1239 1373 iterata

162 1418 220 1486 illa
244 1436 340 1485 sunt:
382 1422 438 1483 vin
463 1422 523 1507 qui
545 1419 586 1483 ab
621 1420 714 1486 initio
747 1445 862 1487 versus
888 1440 922 1488 et
951 1424 986 1489 in
1020 1422 1085 1489 fine
1114 1421 1238 1514 placet,

161 1562 224 1607 uec
250 1535 355 1605 videri
388 1553 530 1626 possunt
555 1536 747 1627 interpretis
781 1561 872 1606 esse:
907 1555 944 1603 ut
977 1555 1043 1607 tatn
1078 1538 1240 1629 exquisita

162 1653 263 1725 verba
289 1668 321 1716 et
345 1653 379 1717 in
405 1651 602 1723 sententiam
628 1651 733 1742 ipsam
760 1653 837 1719 satis
866 1677 1011 1744 congrua
1033 1678 1102 1721 non
1118 1654 1241 1722 habeas

163 1792 241 1834 sanc
269 1765 358 1835 unde
382 1767 556 1856 irrepsisse
583 1763 682 1831 dicas.
733 1767 861 1840 Verum
887 1766 1017 1860 lougius
1045 1768 1144 1837 etiam
1159 1792 1242 1860 pro·

163 1880 382 1974 gradiendum
408 1878 608 1948 dubitando:
634 1906 711 1947 nam
736 1907 780 1947 ne
807 1884 994 1973 posteriore
1014 1881 1151 1975 quidem
1166 1882 1241 1951 loco

165 1999 265 2090 positi
292 2020 404 2063 versus
434 1997 503 2067 158
521 2021 594 2088 sqq,
622 1998 689 2064 suis
717 1996 960 2064 difficultatibus
987 2000 1094 2091 iisque
1121 2000 1244 2091 gravis-

166 2113 254 2180 simis
281 2128 406 2179 vacant.
468 2112 620 2178 Ductore
646 2129 679 2176 et
700 2111 886 2204 perductur
912 2137 1009 2181 voces
1034 2112 1149 2181 volunt
1174 2139 1244 2182 amu

165 2230 264 2322 bigne
293 2227 396 2297 dictas
420 2253 491 2294 esse
517 2228 832 2320 ambiguitatemque
858 2227 900 2295 ad
921 2227 958 2295 id
979 2246 1132 2321 spectare
1152 2226 1245 2321 quod

165 2346 207 2413 sit
231 2361 346 2413 scorta
372 2342 531 2409 dttctare:
570 2361 605 2408 ut
638 2345 673 2410 iu
698 2344 783 2411 hano
810 2362 939 2436 partem
967 2344 1111 2412 Simonis
1137 2346 1243 2413 verba

165 2459 401 2552 Thenropides
428 2485 489 2551 per
515 2461 624 2527 iocum
657 2461 891 2550 interpretatus
920 2458 963 2525 atl
994 2458 1125 2525 aedium
1152 2459 1243 2550 cogi-

167 2578 341 2655 tationem,
380 2598 447 2666 quo
481 2572 538 2639 illa
563 2573 746 2654 valuerint,
785 2577 872 2642 serio
898 2591 1072 2641 revocetur
1098 2573 1243 2643 Simonis

165 2715 329 2783 responso
352 2688 455 2755 aedes
480 2687 567 2772 dico.
616 2691 752 2782 Largiar
777 2691 827 2757 his
840 2691 915 2757 satis
930 2709 1006 2781 apte
1022 2691 1110 2756 necti
1127 2691 1245 2757 Theu-

165 2806 293 2898 ropidis
322 2807 420 2871 verba
443 2829 528 2897 ergo
556 2809 649 2872 intro
672 2829 712 2870 ao
734 2810 809 2871 sine
824 2804 1053 2898 perdoctum
1078 2802 1160 2878 illud
1177 2828 1243 2873 non

168 2920 369 3004 concedam,
404 2948 473 2989 non
510 2947 583 2989 esse
610 2922 890 3014 importunissime
916 2922 1124 2991 interiectum
1150 2919 1245 2985 illum

166 3064 296 3105 versum
332 3037 506 3130 Quidquid
535 3054 607 3118 est,
641 3037 763 3104 errabo
787 3042 901 3129 potius
934 3060 1034 3130 qnam
1064 3035 1245 3129 perductet

167 3159 340 3246 quispiam.
389 3157 528 3236 Nampsi
555 3155 727 3244 superiore
749 3152 1096 3245 versuperductorem
1121 3177 1245 3222 nomen

167 3269 404 3361 Theuropides
430 3270 465 3334 in
491 3267 645 3335 lasciviae
667 3271 840 3337 nunonem
856 3268 1042 3347 detorserit,
1069 3268 1244 3337 bisantem

169 3384 342 3452 consimile
366 3385 546 3477 perductet
572 3385 708 3457 verbum
734 3385 875 3476 proprio
902 3383 1085 3475 significatu
1108 3383 1245 3467 dictum,

169 3501 297 3593 quippe
325 3503 515 3593 oppositum
542 3499 663 3565 errabo
688 3503 771 3581 voci,
797 3501 920 3569 reserat
944 3498 986 3567 ad
1012 3498 1133 3583 aedes3
1169 3525 1245 3567 rur·

166 3635 370 3681 sumentem
398 3617 495 3683 tertio
518 3640 618 3681 versu
642 3616 736 3708 prior
761 3614 817 3681 illa
838 3616 1071 3706 interpretatio
1098 3612 1247 3706 repella·

167 3750 218 3799 tor
244 3759 262 3797 a
288 3732 439 3800 Simone:
476 3730 559 3824 quid
594 3747 644 3797 est
677 3731 813 3805 tandem
847 3748 909 3799 cur
932 3729 987 3797 vel
1020 3731 1075 3797 hic
1102 3727 1245 3821 repellat

168 3846 260 3938 quod
285 3847 340 3914 illc
367 3851 432 3913 iam
464 3849 598 3914 missum
633 3846 779 3926 fecerat,
813 3845 865 3913 vel
893 3849 957 3910 iam
992 3861 1068 3910 ante
1102 3843 1247 3911 Simonis

165 3963 381 4033 monitionem
404 3962 643 4055 Theuropidas
669 3960 711 4028 ad
738 3961 922 4053 simplicem
936 3959 1247 4063 interpretationem

167 4107 185 4145 a
209 4077 392 4171 petulantia
417 4082 490 4172 ipse
511 4079 650 4149 redeat?
712 4078 750 4142 In
777 4077 827 4145 his
853 4102 918 4144 nec
940 4075 1039 4168 lepos
1062 4099 1127 4149 nec
1150 4073 1246 4145 'ordo

164 4219 231 4261 nec
255 4194 349 4274 ratio,
372 4193 434 4263 aed
451 4219 609 4286 perversa
636 4195 754 4262 omnia.
805 4193 848 4260 Et
872 4209 984 4257 tomen
1002 4206 1127 4257 restant
1139 4190 1247 4257 miuus

167 4310 263 4376 etiam
290 4308 485 4384 tolerabilia.
549 4312 702 4404 Ineptum
725 4327 775 4379 est
809 4308 915 4386 enim,
952 4304 1045 4399 quod
1074 4304 1188 4375 volunt
1213 4304 1247 4373 in

169 4425 337 4495 ductandi
360 4427 570 4520 ambiguitate
597 4425 686 4492 ludi:
714 4427 864 4518 ineptum
892 4443 1074 4516 propterea
1090 4421 1192 4515 quod,
1218 4423 1245 4489 si

168 4568 247 4611 saue
273 4545 396 4611 amicae
423 4560 456 4609 et
477 4543 673 4609 meretrices
700 4561 775 4607 suot
810 4539 938 4611 daretari
971 4539 1096 4619 dictae,
1136 4537 1171 4604 id
1200 4560 1247 4605 ‚ne

167 4663 277 4757 potuit
302 4658 440 4755 quidem
477 4656 531 4726 vel
565 4658 736 4728 transferri
766 4658 801 4723 in
834 4659 925 4725 viros
950 4654 1003 4727 vel
1029 4653 1073 4725 de
1098 4652 1174 4729 viris
1198 4655 1250 4725 in·
