2820 5332
232 680 305 756 486
366 707 374 724 ·
437 707 503 751 vm.
554 709 597 749 na
625 704 770 749 avanaro
794 707 964 750 saturavit
991 707 1112 751 annisu

129 888 131 893 ’
233 879 310 950 Sive
337 881 425 949 enim
449 907 521 946 essa
555 882 716 972 passivam
748 882 888 947 sormam
922 879 1207 966 crediderunt*),
1242 882 1317 949 sive

233 1023 306 1064 cum
334 1001 436 1064 activo
466 998 547 1062 strui
571 998 718 1087 potuisse
743 995 888 1062 desitum
906 1013 958 1062 est
971 1014 1142 1088 putarunt,
1165 998 1316 1090 turpiter

214 1112 316 1205 ·lapsi
344 1131 435 1178 sunt:
462 1112 584 1178 nodum
613 1114 768 1206 coniungi
794 1131 972 1204 utrumque
996 1138 1100 1205 genus
1117 1114 1208 1180 verbi
1231 1138 1316 1206 pos-

231 1230 280 1293 sit.
306 1231 347 1295 Et
369 1254 501 1294 vorsum
529 1228 664 1320 quidem
683 1226 730 1298 43
751 1227 923 1320 praeclare
937 1230 1175 1295 Ambrosianus
1202 1229 1316 1297 codex

230 1361 339 1422 sanat,
378 1345 412 1408 iu
447 1368 514 1436 quo
545 1361 593 1409 est
614 1346 770 1433 potarier
804 1366 868 1435 pro
897 1367 969 1408 esse
995 1359 1030 1408 et
1055 1340 1137 1410 bibi:
1170 1342 1315 1437 reliquis

229 1460 378 1525 versibus
395 1458 478 1551 quid
503 1457 560 1524 ille
588 1460 747 1550 scriptum
771 1475 888 1536 teneat,
916 1457 1065 1526 discerni
1093 1460 1222 1551 nequit,
1247 1460 1317 1526 nisi

234 1573 325 1665 qarod
352 1601 379 1640 v.
393 1575 436 1642 41
465 1573 570 1639 habct
592 1590 772 1665 postquam
793 1597 940 1664 peregre
966 1574 1055 1640 illius
1075 1591 1189 1666 pater.
1222 1572 1316 1658 Quid

233 1687 359 1754 multa?
394 1690 490 1755 ctiam
526 1690 598 1754 sine
632 1688 727 1754 libris
753 1711 821 1754 non
847 1687 1036 1756 dubitamus
1059 1691 1234 1781 pristinam
1260 1690 1315 1756 his

237 1804 388 1870 versibus
414 1804 555 1871 sormam
580 1805 628 1870 sio
654 1806 854 1871 restituere:

248 2010 249 2014 Ἰ
355 1941 416 1989 ΤΗ.
442 1905 589 2011 Egone?
628 1939 681 1988 SE·
707 1936 753 1985 tu.
803 1940 864 1986 ΤΗ.
892 1912 1315 1988 accumulandum

725 2059 776 2099 me
803 2059 877 2101 cum
899 2029 1006 2127 puera'
1032 2035 1131 2126 loqui.

263 2144 309 2216 40
358 2144 466 2214 Ndmo
492 2149 634 2217 habitat.
685 2171 748 2218 ΡΗ.
773 2148 908 2216 liabitas
930 2154 1109 2242 profecto:
1136 2149 1216 2217 nam
1238 2150 1317 2218 heri

728 2280 762 2329 et
788 2263 911 2330 nudius
937 2259 1070 2340 te'rtius,

362 2375 523 2470 Qua'rtus,
549 2383 699 2471 quintus,
723 2374 853 2456 sc'xtus,
879 2405 994 2475 usque,
1015 2375 1191 2473 po'stquam
1208 2404 1314 2472 pere-

727 2521 791 2587 gre
816 2497 896 2563 irinc
918 2493 1002 2562 dius
1009 2513 1109 2589 pater

360 2604 487 2686 ‘Abiis,
528 2635 702 2703 tranquam
737 2606 888 2678 triduum
921 2638 1024 2679 tirsum
1056 2607 1230 2679 diuitumst
1254 2635 1320 2705 po-

732 2726 852 2796 tciricr.

361 2867 421 2913 ru.
444 2839 538 2936 Quid
554 2847 605 2908 ais
626 2839 821 2931 [tandarni]
850 2866 911 2913 ΡΗ.
929 2839 1078 2908 triduum
1105 2867 1206 2907 circium
1223 2842 1320 2908 lcaud

734 2955 806 3025 isse
839 2964 1067 3025 intermissum
1092 2954 1147 3022 hic
1172 2956 1251 3037 bibi,

362 3069 486 3138 Sca'rta
508 3072 598 3147 disci,
621 3071 856 3167 pergraecari,
871 3070 1060 3162 fidicinas,
1086 3067 1246 3137 tibicinas

234 3184 237 3188 ¹
266 3186 312 3257 45
366 3184 527 3257 Co'nduci.
578 3214 637 3259 ΤΗ.
664 3197 738 3282 queis
765 3187 862 3256 illac'c
874 3189 1065 3278 faciebat?
1086 3215 1113 3254 o.
1137 3215 1168 3281 q.
1192 3213 1217 3254 s.

211 3307 214 3314 ’
243 3309 285 3375 V.
312 3306 359 3376 40
385 3307 518 3374 habitat
540 3312 699 3400 prosecta
727 3334 745 3375 e
772 3309 947 3375 Decurtati
974 3308 1131 3374 memoria
1156 3306 1241 3373 baec
1264 3323 1318 3372 tat

240 3427 400 3517 profecto
438 3443 526 3490 recte
561 3424 741 3491 offecerant
773 3423 864 3503 tuli,
901 3422 989 3491 uude
1022 3425 1057 3489 iu
1087 3424 1178 3515 Lips.
1206 3441 1239 3489 et
1262 3420 1317 3488 ed.

246 3542 350 3628 princ.
378 3541 520 3604 transiit:
548 3558 646 3633 atque
674 3542 769 3606 etiam
793 3542 827 3605 in
852 3542 997 3621 Vetere,
1026 3566 1044 3606 e
1071 3563 1138 3632 quo
1164 3538 1241 3602 henr
1266 3542 1320 3602 ita

244 3659 405 3746 profecto
428 3654 585 3733 affertur,
625 3675 659 3722 ct
690 3681 741 3720 em
765 3655 896 3723 litterae
924 3674 1041 3722 sunta
1069 3672 1258 3721 correctura
1285 3672 1321 3721 et

247 3795 310 3837 una
337 3770 450 3837 littera⁸
474 3795 563 3837 erasa
591 3789 667 3863 post
692 3775 750 3837 ita.
818 3771 888 3838 Sed
920 3771 1015 3838 aliter
1039 3772 1123 3838 haec
1150 3797 1187 3838 ac
1210 3768 1323 3861 vulgo,

246 3887 291 3951 ita
326 3885 460 3979 quidem
495 3904 531 3952 ut
560 3886 720 3966 fecimus,
759 3889 913 3980 personis
952 3885 1183 3953 distribuenda
1217 3902 1324 3951 erant

245 4002 286 4067 V.
301 4000 344 4070 41
365 4005 408 4068 ‘in
434 4001 529 4067 libris
557 4021 607 4068 est
631 4003 711 4068 hinc
733 4027 888 4096 peregre.
940 4005 1004 4068 Pro
1031 4007 1102 4067 eius
1128 3999 1219 4093 quod
1242 4002 1326 4066 Am-

245 4120 336 4184 bros.
363 4120 451 4184 illius
476 4118 597 4209 prodit,
617 4122 737 4203 omisso
760 4120 849 4199 ltine,
871 4118 908 4184 id
933 4144 1027 4185 usum
1049 4117 1256 4184 nonhabet:
1283 4143 1326 4185 ao

248 4260 348 4326 saepe
374 4233 464 4325 apud
481 4234 630 4301 Plautum
657 4236 711 4301 hic
736 4255 769 4302 et
794 4235 848 4300 itte
873 4235 1127 4326 pronominibus
1152 4250 1327 4324 permuta-

250 4350 289 4413 tis
317 4366 470 4415 erratum.
530 4350 570 4416 V.
596 4348 644 4418 42
680 4376 783 4415 uncam
807 4352 880 4418 Vct.
907 4376 949 4415 m.
975 4374 1062 4427 seo,
1097 4348 1328 4440 Lips.P1·ine.

250 4470 287 4531 in
312 4491 415 4530 aurem
436 4468 510 4534 Vct.
537 4492 578 4530 m.
602 4492 663 4557 pn,
689 4469 769 4534 Dec.
785 4506 831 4522 -
856 4466 1000 4532 desitum
1026 4488 1097 4530 esse
1122 4480 1155 4532 et
1178 4461 1249 4531 bibi
1274 4479 1328 4533 est

242 4626 542 4643 m*

307 4700 330 4767 ⁸)
352 4694 425 4751 Nunc
444 4695 521 4748 video
539 4696 603 4748 uduo
622 4656 671 4750 issi
687 4696 800 4751 suasisse
818 4694 975 4751 trabum.
