2820 5332
494 726 656 771 rnrnvursr
682 727 875 774 anatomia.
1155 708 1222 779 571

158 922 242 990 quae
271 895 508 989 disputavimus
534 897 620 962 hano
646 899 786 968 habeto:

252 1033 338 1082 oreo.
369 1015 443 1104 Quo
470 1012 574 1105 po'cto
610 1039 694 1104 crgo
724 1019 831 1105 igitur
864 1013 952 1080 claim
978 1016 1041 1083 clos
1073 1014 1226 1114 depromi

736 1131 872 1221 potest?

254 1269 330 1316 cua.
355 1248 445 1314 Dum
472 1241 605 1310 occo'st'o
631 1234 668 1310 ci
687 1250 740 1313 rei
763 1242 966 1338 reperiatur,
992 1239 1133 1315 a‘rrterim

149 1410 412 1428 ffi-m-

255 1502 304 1538 usu
323 1485 404 1536 Plaut.
424 1486 494 1551 pli
516 1484 654 1536 defendere
672 1492 777 1536 conatus
795 1493 842 1536 est.
878 1487 903 1538 ls
923 1487 972 1554 ipsi
993 1502 1055 1538 sane
1070 1488 1226 1555 llegoronirli

256 1579 404 1647 responderi
423 1580 557 1630 arbitratus
579 1579 711 1631 Calliclem
732 1582 767 1631 ait
784 1581 834 1632 lroc
851 1581 952 1633 dicere:
977 1583 1059 1652 pluris
1077 1600 1124 1634 suo
1142 1585 1224 1634 inter-

256 1692 308 1726 esse
325 1683 353 1725 ιιι
375 1676 555 1742 Megaronides
574 1693 661 1727 aarum
679 1676 728 1727 etti
746 1677 828 1741 dicat,
845 1678 923 1742 fidant
941 1679 989 1730 :itt
1005 1680 1144 1747 suppeditet
1160 1696 1225 1730 con-

254 1769 346 1833 silium,
367 1787 441 1836 qoam
459 1778 486 1820 ut
502 1778 613 1820 mutuum
631 1771 672 1821 dat
688 1752 831 1838 arpentum.
859 1772 892 1822 Αι
912 1788 973 1824 vero
994 1774 1019 1823 in
1038 1773 1103 1823 hanc
1123 1774 1225 1840 quidem

254 1866 406 1917 sententiam
425 1867 532 1931 primurn
550 1880 601 1916 non
621 1865 726 1933 quadrat
743 1866 843 1917 malim:
868 1884 956 1945 aeram
974 1870 1041 1919 eninr
1059 1867 1123 1919 illud
1134 1869 1225 1936 illega-

255 1960 358 2010 ronidcs
378 1963 427 2012 iant
448 1960 562 2031 alternat:
593 1968 620 2010 ut
648 1959 739 2012 saltem
763 1962 983 2014 maledicendum
1004 1964 1088 2014 ioerlt.
1126 1963 1225 2015 Deinde

253 2069 304 2106 non
323 2052 439 2122 prolecto
457 2055 633 2121 Megaronides
652 2057 675 2106 is
695 2064 754 2120 est,
782 2071 798 2107 a
819 2073 870 2125 quo
888 2065 1021 2125 argentam
1039 2057 1160 2110 Callicles
1180 2058 1223 2109 vel

253 2150 363 2215 petierat
382 2150 423 2199 vel
444 2158 651 2216 exspectaverat:
672 2152 714 2219 qui
733 2153 818 2218 potius
835 2152 904 2203 laud
919 2169 1021 2221 magno,
1032 2170 1088 2205 eunt
1104 2170 1133 2204 re
1147 2153 1222 2204 homo

255 2243 404 2310 cogitandus
425 2252 473 2294 est.
509 2243 570 2296 Nam
591 2245 669 2296 naid
691 2248 767 2298 tacito
784 2249 927 2313 exspectari
947 2264 962 2298 ιι
983 2247 1090 2300 Callicle
1108 2248 1177 2300 dicas
1196 2256 1222 2301 et

253 2355 300 2407 per
318 2339 438 2407 ambages
457 2340 613 2407 significari:
633 2342 800 2407 reputandam
817 2351 856 2393 est
873 2344 906 2393 ita
927 2344 1028 2411 quidem
1042 2359 1093 2395 non
1106 2347 1222 2410 potuisse

251 2434 305 2485 ullo
326 2435 400 2486 nrodo
420 2434 483 2498 lieri,
503 2444 531 2485 ιιι
548 2444 606 2502 post
624 2436 733 2487 auditam
752 2437 865 2488 Calliclis
885 2439 949 2488 lranc
969 2441 1137 2490 sententium:
1154 2455 1222 2507 pra·

253 2532 301 2580 tius
320 2539 347 2580 tu
366 2547 428 2581 enne
446 2531 508 2581 milti
524 2534 592 2598 socia
609 2549 661 2582 non
680 2532 782 2596 celato,
801 2534 847 2584 sed
864 2536 972 2601 inpastus
989 2536 1159 2602 pronuntiato
1175 2552 1221 2585 ne-

251 2625 337 2687 ritote‚
356 2641 430 2691 pont
451 2626 605 2677 commodata
624 2637 750 2695 arpenta:
770 2636 829 2695 post
846 2627 909 2678 haec
930 2630 1007 2694 igitur
1026 2645 1076 2680 nou
1095 2630 1152 2679 eine
1169 2630 1220 2679 ali-

252 2736 303 2790 quo
322 2719 413 2772 aculeo
430 2722 497 2775 dicta
515 2730 542 2772 ot
559 2738 661 2788 prorsus
682 2725 868 2777 conticesceret
880 2725 1055 2788 Megaronides
1073 2741 1103 2775 ac
1124 2740 1156 2774 oe
1170 2739 1221 2774 uno

253 2816 354 2883 quidem
374 2816 453 2868 verbo
474 2833 545 2869 suam
564 2818 606 2869 nel
625 2819 737 2885 inopiam
755 2827 888 2870 excusaret
912 2819 954 2868 rel
972 2819 1126 2879 voluntatem
1146 2821 1221 2869 testi·

252 2910 371 2961 ficaretur
389 2912 570 2981 obliquumque
590 2912 705 2965 Calliclis
722 2914 886 2980 opprobrium
905 2886 1021 2964 dilueret.
1057 2944 1089 2954 -
1128 2914 1178 2965 Sed
1196 2914 1222 2965 io

253 3021 285 3056 co
296 3022 405 3076 ‘quoque
423 3022 438 3057 a
457 3023 519 3058 vcro
536 3008 723 3075 llampmannns
743 3009 879 3071 aberravit,
897 3008 965 3076 qnod
982 3024 1008 3058 v.
1026 3009 1058 3061 et
1078 3009 1219 3059 certamin

249 3119 336 3152 aarum
354 3110 449 3153 mutato
468 3102 584 3168 ltocsdici
604 3105 653 3155 sibi
671 3106 811 3170 persuasit:
830 3105 961 3167 „datreirst
975 3103 1220 3173 folgendenspcnclt

250 3197 362 3263 sopleiclr
381 3198 454 3248 onir
472 3198 565 3268 (dorclr
586 3199 625 3249 die
638 3199 791 3267 Ersaltrurtp
810 3199 937 3266 destitipt)
952 3200 1065 3264 fliedenu
1082 3199 1153 3250 Ferri
1172 3199 1221 3250 too

249 3292 340 3360 possit,
360 3293 390 3356 si,
408 3301 435 3345 ιιι
455 3292 573 3363 exemplo
593 3301 657 3358 utar,
676 3294 727 3345 tale
742 3294 860 3363 quiddam
878 3302 1015 3360 sequatur:
1045 3295 1132 3344 Solita
1151 3310 1220 3362 poa-

246 3402 296 3455 per
310 3389 356 3452 fit,
382 3389 495 3454 siquem
512 3379 623 3456 rogandi
641 3391 743 3457 arpenti
769 3405 861 3440 causeo
883 3390 992 3439 anticum
1011 3366 1148 3440 conversis:
1176 3387 1219 3439 vel

249 3481 391 3549 Argentum
407 3483 452 3533 ali
464 3485 575 3552 petitur,
592 3484 676 3550 deficit
693 3484 815 3534 amicitia.
852 3483 887 3534 vr
905 3483 984 3534 tultus
1002 3483 1087 3534 verbis
1106 3481 1221 3550 comple·

249 3584 311 3639 clar,
331 3576 459 3643 generalis
480 3580 606 3629 sententia
623 3578 708 3647 aliqua
727 3581 876 3647 requiritur:
894 3578 963 3647 quali
979 3594 1083 3646 prorsus
1096 3594 1221 3641 caremus,

250 3672 272 3724 si
293 3673 350 3738 ipsa
370 3673 513 3731 recusantis
533 3681 559 3724 et
575 3676 769 3741 tergiversantis
786 3674 865 3726 verba
882 3675 1028 3726 afferuntur.
1066 3675 1104 3725 Ac
1120 3690 1153 3725 ne
1171 3688 1220 3724 no·

248 3768 364 3821 stratiurn
383 3768 485 3836 qnidam
503 3771 637 3837 quisquam
655 3785 703 3835 aa,
726 3785 792 3841 quae
818 3771 926 3822 anticum
943 3769 1140 3836 respondentem
1160 3767 1221 3818 iacit

246 3861 442 3930 Megaronides,
459 3866 553 3928 ‚pinon
571 3865 689 3934 Sprucl“
709 3866 849 3919 vocaverit.
896 3863 958 3914 llam
976 3863 1044 3931 quod
1065 3863 1219 3930 llamprnan-

250 3971 298 4007 nos
317 3960 353 4008 ait
371 3961 500 4011 audiveris
521 3961 555 4010 ita
576 3960 709 4012 dicendum
722 3961 811 4021 laissa,
828 3973 878 4009 non
895 3959 1033 4020 inveneris,
1053 3957 1085 4007 de
1103 3971 1133 4006 eo
1152 3970 1219 4022 quo-

250 4066 301 4117 que
319 4055 406 4118 opinio
429 4071 486 4106 eorn
507 4053 608 4106 ieielllt.
644 4055 699 4106 non
718 4055 780 4105 licet
798 4052 914 4119 proiecto
932 4051 1136 4103 inneaireuerbo
1156 4051 1220 4101 sim-

252 4147 354 4213 pliciter
363 4157 389 4198 et
402 4153 495 4216 quovis
513 4159 591 4217 pacto
605 4151 641 4202 uti
660 4164 705 4215 pro
725 4149 834 4212 audire,
852 4146 899 4200 sed
917 4156 985 4199 certa
1003 4145 1155 4197 condicione
1171 4162 1221 4214 po-

251 4241 410 4308 test-licere,
428 4245 511 4300 ethoc
528 4248 585 4313 ipso
607 4245 665 4297 loco
683 4246 718 4294 ita
737 4244 814 4307 licet,
832 4253 860 4294 ιιι
877 4241 997 4295 Callicles
1015 4243 1141 4308 cogitetur
1159 4257 1221 4309 pro

250 4348 421 4407 argento,
439 4343 506 4411 quod
526 4358 554 4392 se
573 4343 808 4393 inventurum
831 4347 987 4407 speraverat,
1007 4339 1085 4392 verba
1104 4337 1150 4390 illa
1169 4340 1220 4391 in-

248 4451 265 4484 v
276 4451 290 4485 e
302 4452 317 4487 n
329 4444 360 4486 ιιι
372 4452 408 4486 ru
419 4453 441 4492 a.
468 4467 503 4480 -
532 4437 652 4489 Ceterum
669 4450 719 4486 nee
736 4434 800 4488 illud
818 4434 952 4501 intelligo,
972 4436 1015 4503 qui
1034 4419 1221 4502 llnmprnanuos

246 4531 411 4581 mutationem
433 4546 503 4582 suern
523 4531 592 4582 dicat
609 4528 723 4581 Calliclls
744 4545 868 4597 responso
900 4530 1005 4599 (hialim
1021 4529 1108 4581 iercle
1122 4539 1150 4582 ιιι
1167 4547 1221 4582 ca-

245 4642 318 4676 rum
336 4626 417 4695 dicor)
436 4627 589 4683 confirmari,
609 4641 664 4675 oum
678 4625 810 4692 utriusque
830 4642 916 4675 nerana
934 4625 1014 4688 vocis,
1033 4625 1113 4692 ipsam
1123 4624 1219 4691 llamp·

245 4723 331 4774 manoi
353 4721 593 4788 interpretationem
611 4722 633 4772 ei
651 4721 789 4790 sequimur,
808 4719 982 4774 diversissima
1000 4721 1033 4772 sit
1049 4719 1152 4773 relatio.
