2820 5332
157 649 229 722 596
497 676 526 719 x.
575 675 618 719 oe
641 673 775 721 ceutno
803 648 900 720 extis

159 844 260 927 euim,
277 847 462 931 ferantur,
487 860 583 911 recte
610 841 718 913 codex
742 841 918 912 Hulsianus
936 867 1007 937 ‘pro
1032 842 1169 938 vulgato
1193 870 1258 913 tn-

147 967 321 1051 fernutur
330 1008 344 1038 ,
377 959 471 1054 quod
495 962 531 1025 in
557 958 975 1028 inseranturmutaudunt
1000 983 1074 1029 cum
1098 960 1256 1032 wielin-

79 1087 80 1090 ’
156 1081 211 1172 gio
243 1079 381 1170 putabat
406 1075 603 1142 Grauertus.
634 1074 691 1143 ltla
718 1077 819 1168 igitur
831 1077 953 1143 Donati
971 1077 1072 1142 setin
1088 1094 1125 1145 ut
1142 1077 1257 1171 plene

51 1226 54 1232 ·
156 1191 362 1286 intelligatur
386 1189 430 1258 ud
456 1187 1099 1284 quemlocumAnd1iaepertiaeont,
1136 1217 1183 1261 ex
1210 1218 1257 1262 ea

157 1333 269 1386 scena,
295 1331 382 1400 quae
410 1330 500 1372 nunc
525 1304 639 1374 ultima
663 1305 768 1372 fertur
795 1306 865 1395 eius
887 1303 1042 1388 fnhulue,
1074 1326 1254 1378 extremos

157 1447 275 1491 versus
302 1421 388 1488 infra
412 1422 593 1514 posuimus.
627 1420 830 1488 Tenendum
856 1438 906 1488 est
928 1438 1050 1504 autem,
1075 1422 1121 1492 de
1147 1428 1255 1492 Pam·

160 1537 245 1632 phili
269 1555 304 1604 et
340 1536 492 1630 Glycerii
525 1537 594 1603 sive
620 1533 794 1604 Pasibulae
825 1539 949 1630 nuptiis
985 1538 1134 1606 consecto
1175 1567 1254 1610 esse

156 1654 286 1735 omnia3
323 1652 358 1720 id
392 1677 529 1720 narrare
565 1654 658 1720 Doro
694 1651 929 1746 Pamphilum
962 1672 1092 1721 nauata
1125 1656 1252 1724 audire

157 1769 360 1856 Charinum
388 1769 538 1861 conspici
563 1768 652 1835 hunc
675 1793 693 1834 a
718 1766 893 1860 Pamphilo
916 1768 1021 1837 et'hit
1045 1770 1159 1838 verbis
1183 1797 1248 1866 np-

158 1881 301 1977 pellani:

337 2021 393 2068 ΡΑ.
421 1998 584 2080 Charine,
610 2003 647 2065 in
674 2015 824 2092 tempore
849 2004 920 2092 ipsc
948 2003 995 2064 mi
1016 1998 1170 2067 aduenis.
1198 2005 1248 2071 to

165 2135 225 2184 cn.
255 2117 351 2182 Beue
375 2120 531 2203 factum.
571 2135 628 2182 ΡΑ.
653 2114 804 2183 audisti?
844 2135 903 2184 en.
936 2119 1061 2182 omniu
1094 2138 1165 2207 age
1190 2139 1248 2182 rne

651 2235 688 2297 in
715 2236 781 2297 tuis
802 2231 961 2298 secundis
989 2235 1129 2323 respice.
1184 2256 1187 2263 ·

153 2336 207 2432 {isit
256 2347 348 2414 Tuus
379 2363 430 2410 est
463 2367 555 2412 nurse
598 2345 778 2412 Chremes:
811 2349 997 2432 facturum
1027 2366 1113 2439 quae
1147 2347 1244 2412 voles

654 2465 724 2527 scio
750 2484 823 2526 csse
848 2467 973 2528 omnia.

176 2598 232 2648 ΡΑ.
254 2579 414 2649 Memini:
457 2594 559 2671 atque
591 2576 679 2643 adeo
709 2577 881 2667 longumst
916 2578 1008 2644 illum
1032 2601 1084 2644 me
1116 2601 1239 2671 exspe-

648 2711 743 2758 ctare
769 2692 848 2758 dum
871 2709 981 2760 exeat.

259 2806 409 2900 Sequere
431 2807 497 2872 tac
523 2831 592 2872 me:
616 2813 708 2873 intus
732 2808 824 2898 apud
838 2807 1036 2896 Glycerium
1060 2831 1154 2874 nunc
1180 2824 1244 2874 est.

654 2939 703 2998 tu,
725 2925 822 2990 Dave
847 2923 906 2991 ubi
929 2924 1079 2990 domum:

259 3040 412 3130 Propere
444 3061 600 3114 arcesse,
634 3039 714 3105 ltine
746 3044 804 3129 qui
836 3044 1003 3128 auserunt
1038 3062 1122 3105 eum.
1160 3040 1247 3135 quid

652 3155 748 3219 stas?
773 3155 856 3247 quid
877 3156 1011 3223 cessus?
1045 3176 1104 3222 uA.
1120 3179 1173 3222 eo.
1200 3161 1245 3228 15

259 3273 314 3339 Ne
340 3277 542 3363 exspectetis
568 3269 648 3335 dum
672 3288 800 3339 exeunt
825 3272 907 3341 huc:
933 3277 1025 3339 intus
1045 3270 1244 3364 desponde-

652 3384 744 3452 bitur
752 3412 767 3450 .·‹

261 3501 365 3567 Intus
395 3505 630 3590 transigetur,
671 3504 703 3565 si
735 3500 818 3593 quid
850 3518 902 3567 cst
930 3500 1023 3595 quod
1050 3517 1170 3569 restet.
1218 3524 1247 3569 ω

650 3615 826 3682 Plaudite.

165 3732 206 3800 V.
235 3733 279 3800 13
306 3731 399 3825 quod
425 3732 616 3823 scripsimus
644 3731 816 3820 longumst
844 3732 937 3796 illum
956 3756 1009 3797 me
1033 3749 1247 3825 exspectare,

165 3847 305 3916 fecimus
332 3850 526 3915 auctoritate
551 3848 705 3913 Bembini
726 3845 815 3912 libri.
835 3882 882 3898 -·
899 3849 1025 3914 Horum
1052 3848 1153 3940 igitur
1169 3875 1248 3916 ver-

165 3988 262 4031 suum
289 3964 338 4042 ci,
373 3966 430 4056 qui
457 3983 591 4056 quartus
618 3979 666 4029 est
688 3989 705 4026 a
731 3963 813 4043 fine,
845 3986 934 4028 nuuc
960 3965 1104 4055 ascripta
1137 3965 1249 4034 sertui·

167 4079 291 4147 Donati
323 4079 382 4145 ista
409 4079 593 4155 annotatio,
629 4097 665 4143 ut
690 4078 775 4142 iuter
795 4074 852 4142 illa
878 4077 978 4142 veaba
1004 4092 1040 4142 tu
1065 4079 1165 4144 Dave
1191 4080 1251 4148 ubi

168 4192 304 4257 domum
331 4213 364 4258 et
389 4193 472 4258 haec
495 4217 640 4285 propere
666 4214 799 4257 arcesse
824 4192 1038 4283 interpositos
1057 4194 1157 4260 tuisse
1184 4215 1248 4264 eos

168 4330 280 4376 versus
297 4307 440 4387 credas,
469 4333 551 4400 quos
577 4336 596 4374 u
620 4309 717 4374 bonis
745 4305 989 4399 exemplaribus
1013 4309 1151 4389 abesse,
1177 4308 1249 4402 legi

166 4425 266 4516 igitur
291 4427 324 4490 iu
349 4423 420 4490 aliis
446 4425 563 4490 sinon
589 4425 751 4516 plurimis,
777 4443 810 4490 ut
834 4420 1062 4515 compluribus
1075 4424 1157 4489 item
1182 4425 1249 4492 bo-

166 4541 218 4605 nis
245 4543 391 4607 Donatus
418 4539 517 4605 dicat.
581 4543 683 4632 Atqui
716 4538 775 4605 illo
811 4536 950 4630 quidem
979 4537 1055 4605 loco
1088 4563 1157 4606 non
1181 4564 1250 4633 po·

167 4656 269 4723 tuisse
308 4678 382 4736 eos,
427 4658 575 4750 quisquis
608 4657 691 4738 suit,
725 4655 889 4744 collocare
928 4656 1157 4755 unusquisque
1190 4680 1251 4725 sua

702 4774 747 4845 ἔ]

656 4862 657 4867 ¹
713 4867 719 4889 Ι

381 4924 414 4983 χ
653 4922 659 4941 ··
696 4907 726 4961 st·
