2820 5332
229 685 302 761 492
427 713 491 756 vm.
542 716 584 756 ur
611 716 758 758 rvurrre
783 716 952 759 seuuuuvu
979 716 1099 760 ormuu

372 887 457 955 Iube
479 883 557 953 lrut'c
580 905 765 978 argeutum
797 889 839 953 ob
864 886 902 954 0's
927 895 1080 980 impurae
1105 886 1233 955 beluae.

376 1025 435 1069 Tu.
464 1002 557 1093 Quid
577 1003 734 1067 iubeam?
784 1027 840 1070 ru.
870 1009 904 1069 ei
935 1003 1065 1070 homiui
1095 1001 1244 1095 arge'uto
1271 993 1327 1073 us*

822 1117 1047 1188 verberclricr.
1094 1152 1099 1162 ·

277 1232 324 1301 93
375 1254 432 1298 uA.
456 1234 633 1318 Pcrfdcile
664 1259 729 1320 ege
755 1240 842 1299 ictus
865 1230 1040 1326 perpetior
1064 1231 1261 1326 argc'uteos.

276 1349 323 1418 97
375 1372 430 1415 ru.
454 1344 604 1417 Audin?
639 1348 818 1414 uideturne
843 1346 981 1415 obsecro
1009 1350 1121 1417 hercle
1151 1348 1313 1445 iduueus,

277 1463 325 1532 98
375 1457 525 1530 Danista
551 1468 611 1554 qui
635 1468 694 1538 rit,
718 1458 827 1554 ge'uus
843 1463 935 1557 quod
960 1460 1309 1556 improbissumurmt?

277 1578 325 1651 99
375 1600 435 1644 ru.
462 1577 543 1644 Nou
564 1573 629 1667 e'go
652 1579 712 1668 pol
734 1584 823 1644 istuc
847 1573 941 1653 cure,
966 1584 1026 1670 qui
1049 1584 1108 1655 sit,
1134 1575 1225 1646 u'nde
1244 1587 1311 1661 sit,-

255 1696 325 1762 100
374 1691 421 1762 Id
446 1691 518 1758 ve'lo
544 1697 592 1757 mi
610 1709 762 1757 actutum
786 1689 868 1768 diei,
894 1692 1007 1758 idme
1031 1699 1119 1760 seire
1143 1690 1284 1788 e'xpeto:

277 1802 326 1877 94
381 1808 482 1899 Quod
507 1804 592 1873 illud
615 1809 854 1899 urgentumst?
895 1831 950 1876 ru.
977 1803 1075 1876 lzulee
1100 1809 1201 1877 debet
1223 1807 1312 1877 Phi-

837 1924 984 1989 lulachcs

281 2040 327 2110 95
378 2033 544 2104 Paullum.
596 2061 658 2105 ru.
681 2040 905 2131 quantillum?
957 2064 1013 2107 Tu.
1036 2042 1136 2134 quusi
1158 2043 1311 2137 quadra·

818 2153 923 2244 gintu'
947 2160 1067 2220 uuuus.

175 2344 178 2349 ,
277 2271 324 2342 96
376 2291 436 2335 Tu.
477 2269 634 2334 Paullum
668 2265 706 2333 ld
735 2268 925 2360 quaidemrtl
976 2294 1038 2349 ru„
1070 2296 1114 2337 ue
1150 2270 1237 2337 su'nc
1271 2275 1312 2340 id

820 2386 959 2451 multum
986 2382 1135 2453 ce'useus.

253 2505 321 2571 101
375 2524 436 2568 ru.
461 2499 560 2569 Adeo
574 2497 678 2567 e'tr'um
695 2506 836 2591 argenti
850 2497 985 2589 saluus
1002 2502 1166 2569 creditum
1180 2498 1311 2572 aldio?

228 2619 279 2684 De
305 2617 440 2709 singulis
475 2635 722 2710 quam‚potero
755 2618 948 2683 brevissime
985 2617 1101 2686 dicum.
1157 2620 1218 2686 Vv.
1244 2617 1308 2690 90.

228 2736 272 2805 91
300 2735 350 2800 sie
371 2736 440 2800 sere
467 2736 610 2826 scriptos
636 2731 775 2798 Palatini
801 2734 934 2799 codices
965 2736 1138 2802 exhibent:
1166 2735 1308 2803 obsecro

229 2852 341 2918 hercle
366 2850 435 2918 tubi
463 2850 530 2918 Obt
552 2865 736 2941 argentum
755 2848 881 2914 uberim
903 2873 1010 2940 purae
1026 2850 1154 2917 beluae.
1194 2851 1308 2928 Obici,

230 2967 322 3060 quod
349 2969 456 3034 estin
481 2965 686 3059 interpolatis
713 2964 828 3055 libris,
853 2964 1010 3033 Italorum
1037 2970 1227 3034 coniectura
1255 2992 1312 3033 re-

230 3082 452 3174 diutegratum
480 3102 537 3148 est.
606 3080 791 3148 Commode
817 3082 1005 3162 inventum,
1042 3083 1105 3148 sed
1127 3108 1310 3175 perperam

229 3195 427 3264 collocutum
446 3197 523 3262 ltuic
539 3199 580 3262 ub
605 3197 796 3262 camerario
823 3198 1006 3264 ascivimus.
1034 3232 1081 3246 ·-·
1106 3198 1147 3263 V.
1164 3200 1211 3271 92
1237 3222 1307 3264 uon

228 3300 360 3383 videtur
384 3313 619 3406 Theuropides
646 3311 786 3382 letheum
811 3314 1014 3407 interrogare
1043 3340 1152 3401 posse.
1214 3318 1310 3381 Non-

229 3427 311 3495 dum
337 3429 424 3494 enim
449 3448 523 3495 ante
549 3427 658 3493 auditu
681 3429 857 3494 Tranionis
880 3430 997 3509 verba,
1032 3431 1153 3522 quibus
1182 3431 1237 3495 hie
1264 3456 1308 3496 ne

229 3542 328 3636 plone
355 3542 492 3636 quidem
519 3560 551 3607 et
575 3542 772 3634 simpliciter
799 3542 881 3635 quid
911 3544 1025 3610 iubeat
1050 3545 1234 3637 eloquitur,
1273 3543 1312 3609 id

229 3659 281 3750 agi
322 3658 482 3726 rescierat
520 3657 778 3751 Theuropide5‚
826 3678 862 3725 ut
899 3677 1069 3751 argentum
1106 3658 1308 3724 solveretur.

228 3774 344 3866 anue
368 3776 440 3866 ipsa
469 3797 580 3839 caussa
608 3790 674 3852 est,
709 3798 887 3839 cursuum
918 3770 1002 3838 illud
1026 3773 1171 3852 iussum,
1212 3771 1310 3863 quod

228 3913 350 3957 novum
377 3908 409 3955 et
434 3889 641 3980 inopinatum
659 3912 716 3955 ero
736 3888 914 3967 acciderat,
938 3886 1086 3979 paullum
1100 3889 1219 3954 variata
1237 3911 1314 3953 ora·

230 4007 320 4072 tione
343 4030 455 4070 servus
481 4007 588 4072 statim
611 4023 749 4096 repetat.
813 4004 857 4069 Vt
884 4006 931 4071 sie
964 4003 1078 4069 saltem
1111 4001 1315 4069 mirabundo

231 4122 304 4188 seui
330 4118 604 4213 interrogandum
631 4121 748 4186 suerit:
780 4137 964 4210 argeutum
996 4118 1129 4185 obicere
1155 4115 1310 4185 iubeam?

229 4234 379 4302 similiter
405 4263 443 4302 ae
460 4239 586 4306 v.103:
615 4259 672 4302 ru.
699 4234 755 4301 dic
782 4252 815 4300 te
837 4233 1005 4301 daturum.
1057 4258 1118 4301 ru.
1144 4259 1237 4325 egon
1255 4233 1312 4300 di-

231 4375 305 4417 cum
327 4351 441 4416 dare?
480 4376 669 4444 quanquam
695 4353 740 4415 ibi
770 4370 804 4416 et
828 4349 925 4443 plane
951 4349 1079 4417 locutus
1109 4367 1158 4416 est
1181 4351 1312 4417 Tranio

230 4491 294 4533 nec
328 4470 481 4559 profecto
517 4474 582 4531 taur
621 4493 721 4558 quam
765 4466 818 4531 hic
856 4485 992 4556 praeter
1030 4467 1317 4558 exspectationem

231 4582 460 4674 Theuropidis
493 4599 668 4674 argentum
696 4584 736 4648 ah
774 4582 837 4648 hoc
863 4584 966 4672 petiit
1031 4584 1118 4673 Ergo
1147 4580 1317 4646 excidisse

233 4693 273 4763 ab
302 4700 396 4765 initio
423 4724 537 4766 versus
567 4699 661 4790 Quid
682 4700 823 4767 'conieci.
875 4703 908 4764 ci
931 4698 1078 4791 homini,
1114 4697 1207 4791 quod
1234 4697 1317 4765 suh-
