2820 5332
577 388 581 395 «

392 688 421 757 r.
451 714 491 757 ne
520 714 636 758 enters
662 714 790 759 rosata
819 714 1005 757 sonuum.
1203 692 1249 759 37

156 884 262 954 Atius
287 887 408 953 formas
435 885 487 968 *lt
525 888 587 951 nisi
617 882 709 978 quod
739 888 773 951 in
799 885 851 950 his
874 902 1001 949 certum
1030 903 1080 950 cst
1103 883 1248 950 multo

158 1004 260 1092 magis
287 1001 453 1092 geminans
480 1017 494 1064 t
520 998 663 1066 litteram
690 998 879 1077 invaluisse,
895 997 1079 1088 simplicem
1105 997 1248 1089 paullo

159 1115 263 1207 magis
299 1140 376 1181 usus
409 1113 540 1179 videtur
577 1113 702 1179 inillis
728 1114 899 1205 probasse.
952 1115 1099 1178 innotuit
1124 1115 1159 1177 in
1184 1111 1249 1179 hoc

158 1253 285 1319 genere
321 1243 458 1318 praeter
497 1245 626 1292 ceteros
664 1227 930 1292 mimiamborum
964 1225 1020 1290 ille
1043 1227 1189 1316 scriptor
1216 1244 1249 1292 et

161 1340 275 1406 Iliadis
302 1342 473 1432 interpres
502 1341 565 1407 Cn.
594 1335 744 1408 Mattius
768 1338 820 1407 vel
846 1337 978 1408 Matius
1003 1359 1122 1430 poeta,
1156 1341 1248 1404 cuius

160 1481 261 1548 supra
284 1455 410 1522 mentio
435 1455 547 1523 fiebat.
583 1455 635 1520 De
661 1479 728 1546 quo
756 1479 842 1546 quae
869 1471 979 1519 extant
1004 1452 1172 1530 Varronis,
1192 1455 1249 1517 Ci-
1336 1466 1338 1468 ’

160 1573 306 1650 ceronis,
331 1568 441 1648 Plinii,
465 1570 586 1647 Taciti,
613 1569 725 1648 Gellii,
752 1568 915 1645 Suetonii,
941 1565 1249 1645 Columellac,ll1a-

161 1685 279 1764 crobii,
305 1682 446 1749 ali0rum
473 1684 657 1748 testimonia
690 1682 806 1768 (modo
833 1680 875 1746 ad
900 1706 1003 1746 unum
1031 1681 1247 1772 eundemque

161 1799 272 1864 omnia
294 1794 478 1888 spectent),
513 1797 654 1860 niaxima
690 1820 731 1862 er
763 1812 858 1887 parte
897 1797 961 1859 iam
989 1797 1188 1860 Torrentius
1214 1794 1248 1858 iu

161 1911 250 1977 Suet
276 1912 370 1977 Caes.
395 1937 424 1977 c.
452 1913 498 1978 52
526 1911 806 1977 commemorarit.
851 1911 934 1973 Eum
961 1909 1133 1974 bominem
1159 1911 1248 1973 iuter

160 2023 343 2118 plerosque
369 2049 449 2090 sane
477 2027 631 2090 convenit
649 2027 772 2090 rectius
784 2021 933 2094 Matium
960 2036 1057 2113 quatu
1080 2017 1273 2090 Mattium‘

161 2138 245 2205 dici:
281 2137 394 2229 quode
427 2137 503 2204 vide
529 2137 799 2204 Wernsdorlium
826 2137 1050 2228 disputantem
1076 2139 1168 2202 Poct.
1192 2136 1246 2202 lat

160 2244 236 2316 min.
264 2253 321 2331 IV,
348 2255 371 2320 ⁶2
396 2277 431 2344 p.
459 2252 529 2322 568
555 2276 631 2343 sqq.
657 2253 912 2318 etLeutschium
935 2253 968 2315 in
988 2251 1247 2316 Zimmermarmi

160 2366 282 2432 Dieriis
308 2367 410 2457 antiq.
439 2364 525 2435 stud.
549 2365 699 2434 a.⁴183t
725 2392 758 2457 p.
790 2366 867 2437 164.
895 2365 966 2431 Sed
984 2366 1073 2430 idem
1098 2362 1247 2432 Mattius

159 2495 211 2546 est
239 2478 409 2570 Scaligero
444 2479 637 2545 Coniectan.
666 2480 701 2543 in
733 2481 832 2546 Varr.
859 2507 892 2569 p.
919 2480 991 2549 ‘236
1025 2481 1106 2570 Bip..
1140 2503 1246 2570 eaque

160 2593 265 2658 forma
299 2610 384 2659 extat
414 2591 507 2684 apud
529 2591 741 2659 IlIeer·obium
766 2592 831 2659 Sat.
858 2594 892 2670 I,
923 2589 956 2660 4.
988 2594 1038 2672 ΙΙ,
1068 2595 1131 2672 16,
1156 2591 1249 2684 apud

160 2707 312 2797 Lipsium
348 2731 424 2770 ann.
458 2704 492 2770 in
527 2709 607 2772 Tac.
634 2707 720 2776 Anu.
747 2707 832 2786 XII,
859 2704 925 2786 60,
966 2708 1001 2771 in
1034 2708 1248 2773 Gronoviano

163 2818 267 2885 Gellii
294 2817 453 2910 exemplo
469 2818 579 2895 V1,6.
608 2820 679 2898 XV,
702 2822 759 2888 25.
785 2819 866 2892 XX,
889 2818 927 2885 9:
955 2816 1144 2906 eodemque
1171 2840 1249 2907 spe-

162 2948 227 2996 etat
260 2933 413 2998 Martius
453 2935 616 3024 scriptura
656 2932 704 3010 X,
731 2927 777 2998 24
809 2929 884 2996 coll.
920 2929 1011 2996 Suet.
1038 2931 1161 2998 Domit.
1189 2932 1247 2997 21.

161 3046 288 3127 Quibus
310 3033 403 3111 ¹udde
429 3045 626 3111 Terentiani
654 3045 763 3108 Mauri
789 3070 919 3110 versum
948 3042 1062 3112 2416:

259 3156 323 3223 hoc
349 3157 557 3223 naimiamhos
582 3153 732 3224 Mattius
756 3156 852 3221 dedit
879 3176 1008 3223 metro:

163 3270 256 3335 euius
283 3292 323 3336 eo
350 3271 481 3360 gravior
507 3270 568 3346 vis,
604 3269 697 3361 quod
723 3288 881 3360 correpta
908 3267 1188 3359 antepaenultima
1216 3271 1250 3331 in
1356 3358 1359 3362 Ι

161 3381 312 3448 Aeneide
339 3383 381 3461 V,
417 3383 489 3454 568
528 3400 578 3447 est
606 3406 716 3472 genus
754 3381 845 3447 unde
870 3379 947 3447 Atii
967 3381 1097 3447 ducere
1122 3382 1250 3448 Latini.

160 3493 254 3561 Nihil
273 3512 385 3563 autem
411 3497 514 3586 magis
536 3497 724 3585 appositum
752 3518 822 3560 esse
839 3493 881 3559 ad
897 3494 1169 3586 persuadendum
1191 3518 1252 3585 po·

161 3623 244 3688 test,
276 3633 375 3701 quam
408 3605 501 3699 quod
534 3608 569 3671 in
595 3606 754 3672 Prisciani
779 3605 951 3673 codicibus
979 3608 1042 3673 vol.
1067 3608 1092 3690 I,
1117 3635 1149 3699 p
1177 3607 1247 3676 281

160 3719 218 3788 Kr·
244 3718 337 3789 idern
364 3737 463 3812 poeta
487 3721 652 3793 Martius,
673 3721 841 3793 Maccius,
866 3722 916 3787 M.
933 3724 1048 3784 accius
1073 3740 1105 3786 et
1129 3717 1178 3789 M.
1193 3743 1252 3785 ac·

161 3836 230 3897 tius
253 3832 424 3900 scribitur.
476 3834 549 3912 Quo
574 3855 710 3923 prorsus
736 3823 950 3909 conveniunt,
971 3856 1052 3922 quus
1080 3857 1097 3896 e
1125 3831 1253 3897 Gellia-

159 3945 210 4011 nis
231 3945 461 4037 Plautinisque
484 3943 581 4009 libris
607 3942 781 4010 scribendi
811 3943 1053 4036 discrepantias
1079 3967 1178 4034 supra
1204 3961 1253 4009 at-

160 4054 293 4123 tulimus
319 4058 347 4134 ς.
378 4061 408 4123 I.
436 4055 458 4123 3
486 4070 519 4121 et
543 4053 575 4121 6.
610 4055 637 4119 Ε
665 4057 786 4151 quibus
813 4057 968 4122 omnibus
993 4056 1176 4141 certissime
1204 4053 1253 4119 ei-

191 4283 234 4347 ”)
262 4279 340 4419 ,ilii
371 4279 454 4381 quod.
467 4281 517 4333 hae
543 4295 647 4378 quoque
679 4280 777 4379 fornes
792 4297 822 4414 'c
846 4280 958 4379 litteram
985 4278 1154 4380 asciverunt?
1190 4280 1256 4333 oen

260 4451 331 4503 ...a
351 4367 496 4513 titii
511 4365 774 4519 tabiit
785 4365 1255 4521 ittoiiiltt'lzizflo

263 4549 327 4588 nee
362 4534 423 4588 Ten
440 4533 506 4590 haee
525 4545 586 4589 sunt
604 4537 674 4588 omui
692 4551 725 4588 ex
737 4543 810 4604 perte
830 4534 926 4589 sitnia.
956 4536 997 4588 De
1015 4536 1074 4589 Atia
1093 4545 1172 4605 gente
1191 4537 1254 4588 dixit

264 4620 438 4677 weichertus.
