2820 5332
503 691 668 735 rarnrnan
696 690 888 740 raavrrnas.
1165 672 1232 741 531

159 865 299 937 inesset,
323 859 427 955 qnod,
452 884 526 927 enm
539 861 708 951 Lysiteles
733 866 813 952 ipsis
831 861 1013 930 Lesbonici
1032 850 1140 930 verbis
1159 888 1237 931 nsus

160 995 267 1059 esset,
293 978 450 1042 meliores
471 994 587 1043 tamen
613 1001 715 1068 qrtam
740 978 796 1043 ille
822 1002 937 1045 versos
952 984 1084 1066 facere
1107 981 1241 1049 dicere-

160 1111 228 1160 tur.
268 1098 380 1187 Atque
406 1092 449 1159 ad
474 1096 584 1160 iocum
609 1094 703 1160 illum
727 1093 820 1187 quod
844 1097 974 1176 attinet,
1000 1119 1076 1162 meo
1102 1097 1240 1191 quidem

160 1234 259 1277 sensu
282 1209 382 1304 friget
406 1211 433 1275 is
459 1210 570 1301 potius
597 1217 697 1301 quain
722 1209 875 1302 leporem
891 1211 1005 1292 habet,
1031 1228 1064 1277 et
1088 1214 1239 1306 argutias,

160 1349 229 1393 nou
253 1350 392 1393 acumen
416 1349 498 1416 prae
525 1349 560 1391 se
587 1325 660 1392 sert.
723 1325 795 1394 Sed
819 1343 856 1392 ut
880 1325 999 1421 largiar
1032 1329 1238 1420 potuisse

160 1441 302 1509 Stasimo
328 1458 458 1533 poetam
484 1441 550 1509 hoc
576 1441 740 1535 quicquid
775 1461 824 1509 est
857 1443 1047 1510 facetiarum
1073 1443 1239 1510 tribuere:

161 1559 293 1650 etquis
320 1581 395 1622 eum
421 1581 488 1624 non
510 1558 657 1648 potuisse
682 1560 745 1624 uisi
770 1559 857 1625 hanc
888 1560 996 1651 ipsam
1030 1557 1164 1625 iocandi
1189 1583 1243 1639 raf

162 1671 285 1738 tionem
320 1671 424 1739 solam
458 1673 632 1738 instituere
676 1673 885 1739 contendat?
945 1676 1078 1740 Etenim
1114 1696 1241 1741 summo

161 1787 262 1852 animi
292 1788 545 1877 pervicacissimi
570 1787 703 1854 fervore
730 1789 857 1854 incensi
880 1805 1036 1881 uterque,
1063 1806 1095 1855 et
1116 1790 1243 1856 Lesbo·

161 1903 256 1967 nicus
283 1919 316 1966 et
339 1901 519 1995 Lysiteles,
543 1901 624 1968 illue
647 1905 737 1968 omni
763 1901 899 1970 dicendi
924 1903 1077 1970 facultate
1103 1929 1166 1996 per
1193 1922 1244 1972 to-

162 2035 229 2082 tam
253 2016 338 2082 lianc
363 2041 496 2084 scenam
525 2015 784 2098 contenderant,
825 2035 862 2084 ut
893 2014 1028 2085 suorum
1054 2019 1121 2085 vim
1147 2045 1244 2114 argu·

163 2150 350 2198 mentorum
382 2133 444 2198 sibi
477 2135 619 2199 invicem
641 2133 909 2226 persuaderent3
944 2159 1034 2201 nunc
1066 2152 1173 2201 autem
1201 2160 1242 2202 eo

163 2266 359 2340 perventum
383 2267 451 2344 est,
488 2267 524 2315 ut
549 2249 722 2326 Stasimus,
757 2252 849 2316 cuius
874 2248 970 2316 valde
993 2252 1136 2317 interest
1157 2252 1256 2318 vinci¹

163 2363 396 2445 Lesbonicum,
421 2366 486 2430 iam
514 2363 657 2432 exsultet
680 2363 802 2431 laetitia
830 2383 863 2430 et
887 2367 923 2429 in
942 2363 1120 2433 clamorem
1134 2390 1245 2432 erum-

164 2496 223 2570 pat
246 2499 387 2571 proptcr
411 2482 581 2546 victoriam
607 2507 624 2545 a
649 2476 805 2572 Lysitele‚
831 2478 940 2545 atilli
967 2482 1082 2562 visum,
1110 2478 1244 2546 tandem

163 2612 379 2685 reportatam.
446 2597 549 2662 Cuius
582 2597 739 2662 victoriae
778 2597 1028 2688 persuasionem
1066 2596 1149 2689 quid
1185 2613 1244 2677 est,

165 2732 301 2800 quaeso,
329 2735 388 2776 cur
414 2710 573 2778 Stasimus
600 2737 639 2778 ex
657 2711 787 2778 duobus
807 2730 932 2779 tantum
952 2713 1163 2781 sermonibus
1178 2711 1244 2781 illis

166 2852 288 2925 capere
316 2827 480 2907 credatur,
507 2852 589 2920 quos
616 2847 782 2894 extremos
806 2828 1011 2894 Lesbonicus
1032 2846 1066 2894 et
1084 2825 1247 2923 Lysiteles

165 2974 185 3014 a
210 2974 238 3014 v.
265 2945 312 3014 62
324 2970 398 3036 sqq.
425 2963 457 3011 et
482 2945 529 3013 72
542 2968 616 3035 sqq.
643 2943 908 3035 pronuntiarunt,
934 2968 997 3010 nec
1024 2968 1065 3011 ex
1091 2943 1244 3011 omnibus

165 3063 312 3138 omnino,
339 3076 504 3153 quotquot
525 3059 605 3124 inde
631 3061 672 3124 ab
694 3059 787 3124 initio
812 3061 899 3126 inter
926 3084 962 3126 se
990 3060 1246 3126 conuerterant?

138 3256 145 3269 ἱ
167 3175 294 3261 Quodsi
321 3194 486 3243 certamen
512 3172 598 3241 illud
623 3176 813 3241 uuiversum
836 3199 949 3243 servus
975 3190 1124 3268 spectat,
1164 3173 1247 3268 quid

166 3293 299 3360 tandem
327 3295 361 3358 in
387 3293 456 3358 eius
480 3293 591 3359 verbis
619 3309 686 3371 est,
712 3290 804 3383 quod
829 3290 895 3357 huc
920 3315 989 3359 non
1016 3287 1245 3359 commodissi·

164 3435 219 3476 me
246 3408 438 3475 conveniat?
486 3409 563 3475 Non
598 3408 684 3473 serio
719 3426 818 3499 atque
850 3431 868 3473 e
900 3431 1014 3473 rerum
1047 3406 1186 3475 veritate
1213 3421 1246 3471 et

165 3521 307 3591 πάλιν
330 3522 416 3590 illuri
443 3523 580 3590 ethaeo
606 3521 692 3589 dici:
728 3513 784 3588 laic
816 3526 892 3614 agit
927 3528 1038 3615 magis
1069 3546 1116 3589 ex
1137 3545 1244 3612 argat-

165 3659 297 3707 mento:
325 3664 439 3706 versus
464 3638 620 3703 meliores
634 3641 753 3725 facit:
787 3637 849 3706 sed
875 3641 1002 3706 comica
1027 3637 1182 3702 libertate
1207 3639 1242 3701 ia

165 3757 305 3822 similem
330 3774 454 3824 tantum
480 3779 593 3822 rerum
621 3753 855 3821 condicionem
883 3754 1032 3831 traduci,
1071 3750 1114 3816 de
1136 3774 1177 3817 eo
1198 3773 1243 3814 ne

165 3872 355 3938 Hermanno
382 3871 518 3964 quidem
544 3872 718 3938 uobiscum
743 3894 813 3936 non
839 3869 1011 3935 convenit:
1044 3890 1160 3940 rerum
1187 3865 1242 3930 iu-

166 3985 281 4052 didcm
307 4010 367 4051 nos
392 4003 623 4078 argumentum
645 3987 811 4077 petimus,
841 4006 908 4075 quo
930 3983 1032 4076 magis
1059 3982 1156 4047 etiam
1182 4001 1245 4046 no·

165 4120 265 4170 stram
292 4102 453 4168 rationem
480 4101 725 4168 confirmemus.
783 4098 1004 4189 Comparatur
1029 4095 1118 4162 enim
1142 4118 1243 4190 pree·

164 4242 241 4284 sens
267 4214 527 4283 adulescentium
554 4240 629 4282 curn
652 4213 813 4282 tralaticio
838 4229 1011 4304 poetarum
1027 4229 1242 4304 actorumque

165 4331 365 4415 certaminc3
391 4332 481 4422 atqui
506 4331 541 4396 hi
566 4331 719 4422 profacto
745 4352 812 4395 non
838 4324 979 4407 iisdem,
1004 4325 1074 4394 'sed
1101 4324 1241 4393 dirersis

163 4447 312 4514 versibus
340 4445 563 4514 contendunt:
602 4471 619 4511 e
645 4469 712 4538 quo
739 4467 946 4535 consequens
979 4462 1028 4510 est
1058 4457 1118 4522 ut,
1149 4441 1178 4508 si
1198 4437 1242 4508 ad

164 4540 310 4640 iteratam
343 4562 573 4630 recitationem
604 4558 790 4628 eorundem
822 4582 975 4625 versuum
999 4557 1154 4626 victoriae
1180 4580 1242 4622 no·

164 4681 208 4746 tio
233 4680 414 4760 reseratur,
457 4678 529 4771 ipsa
560 4677 608 4745 ris
639 4694 673 4743 st
698 4676 814 4743 raritas
848 4672 1103 4766 comparationis
1132 4672 1242 4741 omnis
