2820 5332
224 703 297 777 376
566 731 608 774 vr.
633 730 675 771 na
701 725 882 785 versatam·

323 901 438 970 Altera
460 901 578 969 Scauri
602 901 727 967 notatio
752 925 769 963 a
795 895 913 964 Rufino
938 914 1084 976 servata,
1118 920 1204 989 quae
1237 899 1315 991 qui-

224 1015 305 1085 dem
329 1021 365 1085 in
390 1044 429 1085 re
454 1017 530 1084 satis
557 1017 633 1082 trita
659 1031 816 1088 versatur,
840 1012 883 1079 ad
901 1037 1004 1079 unum
1022 1011 1168 1104 pertinet
1183 1039 1201 1079 e
1217 1031 1315 1107 quat-

222 1149 299 1201 tuor
324 1132 484 1201 Pseudoli
509 1131 592 1199 locis
618 1132 728 1198 hisce:
761 1130 785 1208 Ι,
814 1133 845 1208 1,
873 1130 960 1200 116;

422 1247 529 1314 dabo:
556 1247 716 1314 molestus
742 1269 835 1310 nunc
861 1247 928 1309 iam
952 1268 996 1309 ne
1018 1248 1065 1310 sis
1089 1243 1181 1312 milti.

223 1363 248 1442 l,
275 1365 308 1444 5,
334 1364 400 1433 8‘2:

419 1482 598 1570 peccatori*
617 1500 660 1542 ea
673 1475 780 1542 sunt?
803 1478 953 1552 animum
965 1470 1109 1538 advorte
1123 1495 1215 1538 natm
1227 1475 1314 1538 iam:

222 1593 270 1660 sic
295 1592 383 1659 enim
405 1611 499 1663 recte
525 1592 662 1661 Butbius
689 1615 753 1683 pro
783 1615 841 1701 eo(
858 1588 951 1683 quud
984 1591 1092 1655 estin
1119 1587 1214 1655 libris
1232 1612 1314 1681 pec-

221 1725 302 1777 eato
328 1732 412 1774 meet.
435 1709 569 1776 Deinde
595 1707 620 1788 l,
649 1712 681 1787 5,
711 1702 801 1775 133Ξ

411 1823 532 1890 ,indice
559 1821 657 1888 ludos
683 1845 775 1887 nunc
801 1824 882 1894 iam,
909 1817 1048 1911 quartdo
1074 1817 1174 1885 lubet.

220 1939 305 2022 1,5,
334 1936 413 2007 144.

421 2059 531 2146 agite,
553 2054 743 2120 amolimini
762 2052 844 2118 binc
872 2073 929 2118 vos
951 2054 1045 2116 intro
1069 2073 1162 2115 nunc
1187 2053 1273 2115 iam:

220 2169 281 2235 ubi
307 2172 366 2236 etsi
392 2171 428 2234 in
453 2169 553 2263 longe
579 2169 733 2262 plurimis
759 2166 858 2235 codd.
884 2170 1091 2242 amovemiui
1116 2183 1188 2246 est,
1225 2163 1311 2231 illud

222 2301 332 2351 tamen
357 2309 432 2351 cum
456 2286 591 2353 Vetere
613 2303 749 2351 testatur
773 2283 1022 2349 Ambrosianus.

720 2462 750 2586 ς
776 2500 809 2568 s.

322 2630 528 2722 Equinque
562 2628 746 2696 fabularum
782 2630 1028 2697 commentariis
1068 2629 1227 2698 Sisennae
1264 2628 1313 2694 as-

223 2743 307 2811 serri
332 2743 517 2838 fragmenta
542 2745 693 2812 vidimus.
741 2749 846 2829 Quem
882 2769 949 2812 non
985 2744 1150 2812 diversum
1186 2769 1256 2811 esse
1293 2772 1311 2809 a

225 2858 306 2926 clari
332 2862 475 2927 nominis
501 2881 641 2942 oratore,
669 2887 780 2928 rerum
804 2865 1024 2928 Romanarum
1048 2863 1314 2952 scriptorc,*Mi-

224 2972 426 3041 lesiacorum
452 2975 689 3043 Aristidiorum
714 2979 900 3067 interprete
931 2979 966 3041 L.
1000 2973 1212 3042 Cornelio
1245 2976 1314 3042 Si-

225 3112 373 3168 senna,
412 3094 595 3158 communis
628 3093 787 3182 sententia
826 3092 865 3157 G.
889 3093 913 3156 l.
940 3092 1049 3157 Vossii
1085 3091 1127 3157 de
1157 3092 1231 3157 hist.
1257 3091 1313 3158 lat.

227 3205 253 3285 I,
280 3231 306 3271 c.
337 3209 390 3284 10,
415 3206 548 3272 Krausii
571 3209 637 3274 Vit.
666 3227 699 3273 et
720 3208 833 3300 fragm.
862 3207 935 3274 bist
963 3209 1056 3273 Rom.
1084 3234 1116 3300 p.
1142 3209 1223 3286 303,
1250 3207 1315 3274 Su-

225 3321 349 3412 ringari
377 3322 402 3401 l,
425 3347 458 3413 p.
487 3324 531 3389 75
556 3322 625 3390 suit.
655 3326 727 3389 Nec
752 3347 813 3388 uos
839 3323 1001 3388 babemus
1028 3347 1088 3388 cur
1114 3321 1315 3388 dubitemus.

225 3436 309 3503 Nam
342 3462 406 3504 nec
440 3439 644 3528 grammatici
676 3437 774 3504 ullius
815 3438 977 3505 Sisennae
1009 3436 1113 3503 ullum
1139 3455 1316 3529 praeterea

227 3551 399 3643 vestigium
428 3570 550 3630 exstat,
583 3579 647 3621 nec
687 3555 798 3620 aetatis
832 3557 975 3620 rationes
1013 3572 1218 3646 repugnant,
1251 3577 1316 3619 nec

227 3663 371 3731 alienum
397 3684 447 3731 est
471 3667 656 3734 studiorum
678 3695 793 3762 genus.
846 3671 989 3735 Doctum
1023 3669 1111 3734 enim
1142 3669 1247 3733 virum
1282 3685 1317 3734 et

228 3777 345 3846 studiis
379 3781 511 3871 optimis
544 3781 694 3849 deditum
729 3783 879 3876 appellat
913 3784 1033 3852 Cicero
1072 3784 1161 3848 Brut
1195 3809 1222 3849 c.
1257 3777 1316 3862 64,

228 3892 482 3963 emendatorem
507 3902 672 3966 sermonis
700 3901 805 3966 usitati
835 3925 907 3967 esse
935 3898 1086 3976 voluisse,
1111 3923 1183 4003 neg
1204 3895 1318 3963 detcr-

227 4010 306 4090 reri,
334 4035 399 4102 quo
426 4015 535 4079 minus
565 4015 725 4081 inusitatis
751 4017 860 4081 verbis
875 4031 1032 4093 uteretur,
1059 4015 1207 4106 putuisse
1227 4010 1319 4077 idem
1346 4103 1351 4111 ι

228 4143 365 4192 testatur
392 4152 418 4193 c.
444 4124 500 4196 74.
525 4131 589 4211 Qui
616 4130 705 4222 quod
734 4156 801 4198 non
830 4129 923 4196 multi
950 4128 1043 4195 illum
1063 4129 1187 4194 laboris
1215 4127 1318 4194 fuisse

228 4237 336 4305 addit:
370 4240 406 4304 id
440 4244 501 4307 etsi
534 4244 656 4312 Cicero
691 4247 792 4313 voluit
826 4245 868 4311 de
895 4245 1015 4312 caussis
1042 4242 1194 4310 dicendis
1221 4242 1320 4308 intel-

230 4353 298 4447 ligi,
323 4373 431 4420 tamen
457 4357 592 4426 forsitan
623 4363 720 4428 etiam
747 4365 781 4428 in
795 4360 962 4429 Plautinos
990 4360 1246 4426 commentarios
1266 4383 1320 4423 ca-

231 4470 304 4549 dat,
340 4473 398 4563 qui
430 4475 618 4566 ignoramus
656 4503 754 4570 quam
780 4478 959 4572 diligenter
982 4476 1163 4567 conscripti
1186 4474 1320 4543 luerint.

230 4587 283 4654 De
304 4603 410 4652 aetate
436 4607 544 4671 autem
571 4593 733 4659 Sisennae
760 4592 911 4661 subtilius
946 4619 1044 4686 quam
1080 4593 1120 4659 ab
1148 4589 1320 4656 Ellendtio

176 4708 179 4714 '
230 4700 362 4795 Proleg.
401 4705 436 4770 in
464 4706 534 4776 Cic.
562 4710 651 4779 Brut.
677 4734 711 4802 p.
738 4710 799 4777 CII
841 4727 874 4777 et
909 4707 1118 4802 probabilius
1150 4732 1250 4801 quam
1275 4707 1320 4772 ab
