2820 5332
759 373 769 390 9

498 470 502 479 ι

236 693 309 765 394
639 716 695 761 ιιι.
718 715 763 756 ιιι
786 715 900 757 suerri

233 889 430 982 superstites
463 889 528 952 XX
559 911 634 953 cum
665 885 836 953 Vidularic
875 886 957 978 quin
989 887 1082 978 ipsae
1121 885 1197 953 illae
1231 886 1317 953 XXI

233 1005 458 1073 Varronianac
484 1004 557 1081 sint,
580 1027 649 1068 uon
673 999 770 1069 video
796 1027 871 1069 cum
893 1003 1058 1069 Greuerto
1091 1001 1196 1087 (Dias.
1216 1003 1318 1070 scbo-

233 1118 296 1186 lust
321 1145 348 1184 a.
375 1119 468 1187 1828
493 1144 527 1210 p·
554 1115 650 1194 1166
672 1135 705 1184 et
729 1115 825 1184 Auel.
859 1116 933 1183 bist
969 1135 1004 1184 et
1023 1115 1141 1209 philol.
1165 1142 1199 1209 p.
1230 1117 1316 1204 130)

233 1232 408 1300 dubitandi
433 1235 612 1299 rationem:
639 1249 704 1313 aut,
730 1229 821 1324 quod
843 1230 1028 1324 amplector
1051 1229 1241 1314 lubentius,
1271 1256 1317 1299 nc

233 1346 418 1415 Bacchides
445 1346 581 1441 quidem
608 1371 648 1413 cx
669 1345 875 1439 reliquarum
900 1348 1059 1415 societate
1083 1348 1236 1427 exemit,
1253 1345 1317 1415 scd

233 1484 308 1532 autc
334 1464 490 1555 Captivos
515 1460 698 1529 collocavit.
744 1460 845 1529 Vnde
871 1463 1060 1554 posteriore
1079 1461 1218 1528 demum
1233 1479 1317 1530 um·

233 1605 318 1672 porc
345 1578 455 1647 evulsa
480 1576 627 1671 religiosi
652 1578 719 1643 sive
744 1579 945 1669 grammatici
978 1577 1046 1645 eise
1066 1577 1196 1645 lihrsrii
1217 1577 1318 1647 sedu-

104 1755 108 1762 .
206 1693 323 1788 ‘litate
344 1692 457 1760 locum
481 1709 558 1786 post
580 1691 760 1785 Epidicum
785 1695 921 1762 invenit.
948 1695 1048 1778 Quod
1063 1719 1143 1761 num
1160 1695 1225 1761 iam
1242 1719 1318 1763 sae-

198 1853 204 1900 ,
233 1809 310 1878 culo
334 1834 367 1900 p.
385 1809 447 1875 ch.
473 1808 589 1901 quinto
615 1807 738 1882 lectum,
752 1811 804 1889 sit,
831 1833 899 1902 quo
917 1810 1180 1903 antiquissimum
1193 1810 1318 1878 librum

192 1893 211 2028 'l
232 1925 491 1991 Ambrosianum
515 1939 633 2016 postea
654 1925 867 2016 rescriptum,
894 1950 993 2018 quem
1005 1924 1250 1993 Antoninorum
1262 1950 1318 1994 sc·

191 2033 205 2045 ⁴'
234 2041 292 2107 tati
328 2038 499 2106 liberalius
539 2035 700 2104 tribuerat
731 2037 877 2132 Angelus
909 2039 1017 2108 Maius
1049 2039 1153 2112 Plsnt.
1187 2044 1319 2134 Fregm.

232 2180 267 2247 p.
296 2155 352 2234 10,
375 2151 555 2219 modestius
581 2151 785 2220 Niebuhrius
809 2151 936 2221 rettulit
954 2153 1081 2246 Opusc.
1098 2155 1172 2221 bist.
1191 2171 1227 2221 ct
1240 2155 1317 2248 phi-

233 2269 290 2336 lol.
318 2295 349 2361 p.
378 2261 464 2338 174:
489 2293 529 2333 ex
541 2268 622 2334 Maii
646 2267 784 2360 quidem
810 2251 1000 2335 nnrrotione
1024 2292 1093 2337 nou
1115 2289 1255 2364 apparet
1271 2269 1315 2355 *).

233 2383 306 2452 Sed
332 2384 456 2450 lactum
477 2383 522 2448 sit
545 2399 682 2475 oportet
703 2400 780 2450 ante
807 2408 846 2450 ea
872 2402 1031 2477 tempora,
1058 2386 1178 2478 quibus
1203 2384 1316 2452 dirimi

201 2463 208 2597 l
233 2500 269 2567 iu
291 2500 372 2567 duas
397 2517 507 2590 partes
533 2496 640 2563 Plauti
665 2496 795 2565 subulae
821 2519 960 2591 coeptos
985 2518 1071 2579 sunt,
1100 2527 1241 2594 quarum
1266 2497 1316 2578 al-

205 2678 208 2695 ,
235 2633 304 2698 tera
330 2633 404 2681 octo
430 2611 556 2680 fabulas
581 2637 671 2678 nunc
695 2615 827 2704 priores
850 2614 892 2679 ab
913 2614 1157 2707 Amphitruone
1180 2614 1222 2681 sd
1237 2619 1319 2708 Epi·

235 2730 347 2797 dicum
380 2728 608 2822 complectens
640 2726 731 2794 nullo
757 2747 875 2821 'actutu
914 2754 984 2796 nou
1009 2729 1073 2824 legi
1100 2730 1317 2824 describique

198 2804 207 2961 pl
233 2844 331 2913 solita
358 2863 417 2924 est,
441 2829 545 2909 ultera
567 2869 586 2908 a
611 2842 831 2910 Bacchidibus
857 2847 1029 2937 pertinens
1061 2846 1103 2912 ad
1128 2847 1319 2912 Truculen-

198 2964 203 3037 i
236 2979 306 3028 tum
330 2985 393 3053 pcr
418 2959 618 3051 quingentos
644 2976 681 3025 ut
704 2951 907 3051 perhibetur
931 2985 1035 3029 annos
1059 2960 1200 3041 delituit,
1226 2961 1318 3033 solo-

197 3060 202 3099 s
235 3100 304 3169 que
332 3075 607 3142 Germanicorum
636 3075 803 3142 beneficio
839 3076 1080 3144 coenobiorum
1112 3077 1153 3143 ab
1177 3077 1318 3143 interitu

234 3188 419 3269 vindicata,
444 3186 580 3256 sacculo
606 3187 740 3254 demum
766 3190 830 3256 XV
855 3189 943 3257 Italis
970 3193 1178 3272 bominibus,
1200 3211 1237 3258 ut
1261 3218 1318 3259 ac-

237 3309 380 3375 curatius
415 3307 526 3374 Musei
557 3303 674 3398 pbilol.
711 3304 818 3375 libcu.
852 3306 910 3385 lv,
932 3333 967 3402 Ρ.
993 3304 1063 3377 154
1087 3334 1139 3402 sq.
1166 3309 1317 3402 exposui,

238 3420 351 3491 denuo
377 3422 530 3489 innotuit.

737 3635 766 3721 s.
790 3641 823 3706 ι.

336 3828 448 3924 Facde
472 3828 683 3922 intelligitur,
722 3829 750 3896 si
785 3830 917 3897 alterius
943 3830 1165 3900 plautinarum
1191 3833 1319 3901 fabula-

238 3970 312 4012 rum
337 3944 511 4012 volumiuis
534 3947 627 4014 initio
650 3945 811 4014 collocuta
837 3946 1020 4016 Bacchides
1042 3969 1122 4030 eret,
1149 3951 1320 4044 quomodo

239 4062 309 4127 eius
333 4062 526 4130 comoediae
553 4065 663 4156 ipsum
680 4082 781 4159 caput
801 4066 914 4162 perire
932 4067 1087 4161 potuerit
1104 4064 1167 4152 **).
1194 4071 1321 4153 Quem-

291 4346 319 4413 Ἴ
343 4347 405 4400 ton
431 4350 533 4417 quiden
560 4350 671 4404 nonduin
697 4352 790 4406 lscturn
818 4369 879 4406 esse
899 4355 973 4407 nobis
991 4357 1108 4424 opponit
1127 4356 1323 4410 Ambrosianum

344 4435 460 4588 podqippnr
479 4438 662 4491 tractantibus:
679 4439 712 4492 dc
729 4455 782 4511 quo
798 4443 943 4495 nonninus
963 4443 1032 4502 Bias.
1043 4445 1122 4512 antiq.
1132 4444 1198 4496 stud.
1211 4460 1234 4498 ι.
1246 4445 1323 4510 1837,

246 4580 317 4737 Q)
333 4600 411 4676 'Bscc
429 4641 521 4678 onum
539 4628 631 4694 perditi
651 4627 754 4680 lebuino
775 4629 894 4696 principii
919 4631 967 4681 etsi
990 4630 1072 4683 videri
1092 4638 1190 4699 potent
1208 4641 1248 4683 sat
1265 4649 1323 4685 rus-

253 4728 278 4767 *n
344 4724 395 4778 gon
412 4713 599 4780 probabilitatis
620 4718 709 4783 specio
727 4716 917 4781 commendeti,
945 4725 1030 4772 hoton
1057 4734 1126 4772 nunc
1150 4734 1201 4772 non
1223 4719 1322 4785 dubito,
