2820 5332
420 717 423 749 ῑ
457 708 618 751 rutttvttttt
647 706 836 752 rttv‘rtrtte.

204 884 272 948 Hic
294 875 365 944 me'o
391 903 450 944 ero
474 885 600 944 arnr'cus
622 876 711 946 stilus
722 879 850 971 firmus
871 875 1017 945 restitit:

203 998 321 1087 Neque
346 990 531 1059 demutavit
552 992 703 1059 a'nimum
724 994 768 1059 de
792 992 895 1073 firma'
909 991 1001 1085 fide,

207 1107 411 1202 Quanquam
435 1107 569 1174 labores
594 1104 715 1175 multos
741 1108 782 1175 ob
808 1133 880 1175 rem
905 1126 939 1174 et
961 1103 1083 1174 liberos

174 1308 177 1318 Ι
201 1219 362 1293 Absentis
386 1229 454 1287 mei
477 1228 529 1289 eri
548 1248 623 1290 enm
643 1219 707 1315 e'go
734 1229 858 1317 cepisse
885 1219 1015 1290 ce'nseo.

103 1424 108 1432 .
203 1339 265 1406 Set
287 1339 341 1402 hic
363 1330 469 1423 ursus,
496 1354 533 1403 ut
558 1363 623 1429 ego
647 1333 821 1430 stispicor,
841 1337 957 1405 servdt
970 1337 1092 1430 fldem.

105 1484 195 1564 Quos
218 1502 328 1542 versus
354 1502 409 1542 me
427 1501 495 1544 non
520 1496 678 1544 monente
699 1479 895 1573 intelligitur
912 1505 929 1544 o
944 1477 1083 1544 Stesimo
1103 1478 1181 1560 dici,

106 1594 186 1661 dum
212 1594 335 1658 abitum
360 1611 455 1685 paret
479 1592 532 1658 vel
557 1595 668 1685 potius
694 1596 727 1659 in
754 1595 826 1686 ipso
853 1593 1093 1661 iomdiscessu
1121 1613 1181 1675 est,

105 1734 208 1802 quem
235 1707 305 1772 fieri
333 1733 407 1773 erus
440 1709 601 1773 iusserat:
642 1733 708 1800 quo
745 1733 866 1802 genere
898 1708 1180 1775 nummulorum

107 1847 281 1888 scenarum
308 1819 431 1887 offendi
450 1821 575 1913 nequit
590 1825 647 1915 qui
674 1847 741 1889 non
766 1821 941 1890 luscitiosis
959 1821 1063 1889 oculis
1085 1822 1182 1889 Plou-

106 1956 173 2002 tum
199 1937 351 2029 attigerit.
377 1969 422 1983 -
463 1938 640 2029 Denique,
666 1963 708 2004 ne
736 1937 817 2031 quid
846 1963 1006 2032 nugarum
1031 1957 1183 2029 proeter-

107 2053 241 2129 mittam,
270 2048 467 2117 Charmides
493 2049 585 2143 qood
611 2070 748 2143 praeter
774 2050 968 2130 Calliclem,
995 2052 1023 2116 si
1050 2052 1181 2117 Stasimi

53 2167 56 2179 ’
106 2167 208 2231 verba
233 2160 339 2253 (solos
352 2163 480 2255 firmus
505 2163 646 2250 restitit)
673 2168 860 2259 sequimur,
887 2165 1014 2231 nullum
1040 2167 1181 2231 amicum

106 2299 260 2372 expertus
288 2304 360 2344 esse
386 2279 490 2345 fidum
517 2280 703 2348 credendus
726 2299 795 2361 est,
828 2280 866 2347 id
893 2283 951 2347 etsi
975 2282 1046 2373 ipso
1072 2279 1183 2346 subula

104 2421 172 2463 non
201 2414 250 2462 est
276 2395 387 2461 dedito
414 2421 517 2487 opera
544 2395 760 2489 explicatum,
786 2414 896 2462 tamen
922 2420 989 2488 quo
1013 2399 1086 2461 iure
1115 2395 1182 2464 dici

103 2514 252 2609 potuerit
277 2516 348 2577 sine
372 2511 439 2576 ulla
464 2510 666 2577 audientium
693 2511 881 2590 offensione,
908 2537 1180 2605 unumquemque

103 2647 255 2720 putamus
282 2653 338 2691 sua
374 2644 492 2719 sponte
526 2644 779 2720 perspecturum
810 2646 947 2720 praeter
977 2652 1079 2692 unum
1106 2629 1181 2719 qui-

105 2742 182 2807 dem
209 2741 398 2807 carnificem
422 2740 535 2822 illum,
576 2743 628 2808 cni
661 2741 823 2808 difficilius
850 2742 947 2834 culpa
973 2741 1100 2808 scilicet
1125 2741 1183 2807 illa

105 2875 223 2950 poetae
251 2859 397 2924 excusari
425 2857 493 2924 visa
509 2874 567 2936 est,
595 2882 692 2949 quam
712 2857 747 2921 hi
768 2857 917 2950 quinque
941 2882 1052 2922 versus
1072 2859 1182 2924 cuncti

106 2992 261 3066 tauquam
284 2974 415 3039 obtorto
442 2971 529 3040 eollo
554 2973 700 3064 iugulari.
724 2973 775 3038 An
795 2973 901 3038 extitit
917 2989 1055 3065 praeter
1080 2997 1181 3037 unum

106 3087 291 3168 Calliclem,
315 3089 367 3154 cui
392 3086 449 3153 ulli
478 3072 577 3154 curse
595 3086 781 3154 Charmidis
809 3085 906 3154 aedes
930 3106 1040 3155 esseut
1060 3114 1078 3153 a
1100 3113 1181 3180 per-

107 3202 267 3269 ditissimo
294 3202 507 3270 adulescente
520 3203 748 3311 proscriptae?
775 3203 832 3296 qui
858 3222 1029 3296 argentum
1052 3201 1094 3268 de
1120 3226 1179 3269 suo

106 3319 219 3385 daret?
255 3318 501 3412 malignissimas
540 3317 685 3410 denique
722 3319 841 3385 civium
876 3319 1119 3386 criminationes
1145 3319 1181 3383 in

105 3462 141 3503 se
168 3435 255 3501 ultro
282 3435 472 3527 reciperet?
523 3434 593 3501 Sed
629 3439 676 3499 in'
698 3433 890 3503 hninsmodr'
923 3440 1062 3527 negotio
1089 3434 1180 3501 diem

105 3538 260 3616 sermone
295 3568 405 3616 terere
436 3555 603 3641 segnities
634 3568 781 3626 merast,
821 3557 971 3644 quamvis
1005 3576 1177 3617 sermones

102 3684 244 3756 possunt
270 3666 368 3759 longi
389 3670 508 3734 texier.

614 3958 673 4026 IV.
718 4002 721 4006 -

202 4223 240 4290 In
262 4222 482 4316 suspicionem
504 4238 616 4290 vocata
642 4238 692 4286 est
716 4221 814 4285 etiam
839 4216 971 4284 illorum
992 4240 1081 4310 pers,
1104 4216 1179 4308 qui·

105 4341 169 4407 hus
196 4340 239 4406 ‹le
267 4337 410 4406 dotanda
444 4334 632 4406 Chormidis
658 4334 724 4401 iilia
751 4333 906 4400 Callicles
933 4350 965 4399 et
990 4332 1180 4424 Megaroni-

106 4457 163 4522 des
192 4455 380 4522 deliberant
405 4472 464 4521 oct.
492 4453 541 4518 lll
567 4478 611 4518 sc.
638 4455 669 4520 3.
727 4449 970 4515 praetermissis
996 4470 1084 4512 nunc
1108 4444 1179 4512 aliis

105 4572 235 4638 mendis
261 4595 328 4636 non
353 4571 487 4661 paucis,
523 4569 644 4660 quibus
676 4567 760 4632 haec
782 4589 881 4630 sceno
905 4565 1092 4630 etiamnunc
1117 4560 1180 4629 (le-
1210 4626 1212 4631 .

104 4688 242 4759 formata
268 4704 327 4764 est,
353 4683 469 4755 ordior
493 4710 512 4749 a
532 4681 763 4775 Megaronidis
778 4680 894 4749 ¹uerbis
919 4704 947 4748 v.
971 4680 1036 4748 ‘202
1131 4697 1137 4705 ·
