2820 5332
62 314 69 327 0

437 695 555 742 resurr
581 665 856 743 srsrmnunrsturs.¹
1115 674 1188 750 375

162 871 217 956 (l)
253 869 404 939 Sisenna
425 873 463 935 in
489 873 733 937 oommentario
758 871 906 939 Poenuli
924 870 1107 938 Plautinae
1122 875 1192 960 fa·

254 984 353 1050 bulae
377 973 443 1050 sie:
489 986 661 1053 Haloni
668 1010 732 1051 um
753 983 867 1055 Poeni
890 985 1009 1052 dieunt
1033 986 1134 1053 deum
1158 989 1194 1055 et

250 1099 476 1195 producenda
500 1100 635 1193 syllaba
659 1107 761 1168 metri
783 1107 902 1193 gratio
925 1105 1035 1192 exigit
1054 1101 1213 1199 iambus.⁴

164 1215 220 1300 (2)
250 1215 402 1284 Scaurus
426 1219 464 1282 in
489 1223 735 1284 commentario
754 1218 873 1284 Plauti
897 1223 935 1284 iu
953 1218 1124 1286 Pseudulo
1144 1218 1198 1286 di·

256 1335 317 1397 cit:
342 1329 483 1401 Malui
506 1323 679 1426 διαίρεσις
704 1337 807 1399 metri
830 1358 942 1399 causa

162 1446 218 1531 (3)
256 1446 408 1515 Scaurus
442 1451 479 1513 iu
513 1447 632 1513 eudem
658 1447 790 1536 fabaeda
822 1453 892 1515 sic:
942 1451 1066 1517 ll'une
1094 1452 1108 1515 i
1114 1474 1137 1514 a
1145 1474 1198 1539 m?

258 1567 273 1629 i
280 1586 343 1626 am
368 1561 484 1629 divisit
509 1562 657 1629 induas
677 1563 828 1656 syllabas
859 1569 962 1631 metri
984 1588 1098 1635 causa.

164 1676 220 1760 (l)
256 1677 408 1744 Sisenna
432 1682 470 1744 in
494 1677 655 1745 Rudente
678 1684 747 1746 sie:
798 1682 903 1747 Fuit
924 1696 1066 1746 extento
1084 1683 1198 1771 prima
1231 1720 1232 1724 =

255 1791 389 1883 syllaba
413 1797 516 1860 metri
541 1818 653 1860 cattsa.
705 1796 751 1862 Et
771 1812 893 1887 postea
917 1801 983 1862 sie:
1016 1795 1199 1864 Habiliora

258 1925 366 1974 metro
392 1932 470 1973 usus
492 1925 557 1983 est,
591 1925 628 1975 ut
652 1909 740 1976 solet
765 1915 807 2002 in*
829 1911 1006 1977 mulierum
1025 1914 1214 1979 orationo.'

257 2019 387 2091 Postea
407 2027 471 2089 sie:
508 2025 748 2090 Latronem
774 2024 935 2118 producit
959 2031 1063 2093 metri
1085 2051 1198 2092 causa.

170 2133 222 2230 (5)
255 2137 356 2206 Idem
380 2140 532 2225 Sisenna
556 2142 594 2206 in
618 2138 870 2233 Amphitryone
893 2146 961 2209 sie:
1006 2144 1074 2208 His
1098 2160 1200 2236 quat-

261 2271 340 2320 tuor
359 2255 544 2347 generibus
569 2259 724 2348 quintum
750 2257 894 2339 accedit,
920 2256 1106 2348 degenere
1126 2279 1201 2324 ver·

257 2396 354 2435 sttrtm
379 2377 437 2464 qui
461 2397 533 2437 non
558 2389 640 2438 sunt
665 2373 868 2440 uniusmodi.

166 2485 223 2570 (6)
259 2484 360 2553 Idem
385 2487 536 2555 Sisenna
561 2493 597 2553 in
626 2488 777 2579 Captivis
802 2494 864 2554 sic:
896 2492 966 2556 Hic
991 2505 1153 2554 ornatu
1177 2514 1197 2556 s

266 2606 418 2671 litteram
443 2608 544 2669 metri
568 2627 671 2669 eausa
696 2608 819 2670 amisit.

170 2723 225 2806 (7)
259 2721 359 2789 Idem
390 2720 541 2788 Sisenna
571 2725 608 2786 in
641 2716 824 2788 Attlulart'o
856 2725 918 2785 sic:
965 2722 1065 2786 Haec
1096 2742 1202 2783 seeua

248 2840 480 2928 anapaestico
506 2851 615 2901 metro
642 2851 707 2909 est,
731 2834 795 2900 sed
807 2839 947 2901 conciso
966 2850 1047 2900 stent
1069 2849 1200 2900 utnon

260 2951 445 3040 intelligas.

210 3070 306 3150 Quae
335 3066 396 3132 etsi
418 3041 461 3129 in*
477 3061 680 3130 Pseudolum
708 3081 832 3129 tuntum
853 3065 1012 3156 scriptum
1036 3091 1054 3132 e
1073 3066 1200 3134 Scauro

113 3183 385 3251 commentarium
412 3197 587 3255 testantur,
621 3199 733 3247 tumen
755 3179 858 3247 multo
881 3182 954 3246 veri
978 3198 1028 3247 est
1050 3179 1199 3259 similius,

111 3300 317 3392 reliquarum
344 3322 481 3391 quoque
505 3295 692 3364 fabularum
727 3296 780 3363 vel
808 3313 899 3362 certe
923 3295 1130 3388 quorundum
1156 3294 1199 3362 il-

109 3415 179 3481 lum
213 3417 438 3507 interpretem
474 3414 590 3505 egisse,
622 3437 721 3504 quem
756 3413 790 3477 in
817 3436 883 3477 unu
905 3410 977 3479 sole
1005 3413 1200 3480 substitisse.

113 3534 273 3599 Ceterum
313 3532 406 3621 prius
439 3527 525 3593 illud
560 3527 716 3595 Pseudoli
744 3526 935 3619 exemplum
972 3528 1078 3594 malai
1099 3527 1200 3596 hodie

113 3672 176 3713 nee
201 3661 307 3711 exstat
333 3671 394 3711 nec
428 3662 572 3736 propter
606 3641 750 3736 aliquem
777 3642 1002 3735 corruptelam
1024 3643 1130 3710 latere
1165 3646 1200 3709 in

113 3763 161 3842 iis,
188 3788 272 3855 (pune
299 3779 442 3828 aetatem
468 3757 633 3840 tulerunt,
660 3763 769 3828 scenis
791 3757 947 3838 videtur,
973 3756 1036 3824 sed
1062 3758 1200 3849 petitum

113 3904 183 3945 esse
222 3904 261 3947 ex
295 3875 456 3968 prologo,
487 3877 579 3942 cuius
613 3875 678 3940 ium
711 3875 758 3942 IV
794 3872 846 3938 vel
874 3875 904 3940 V
930 3871 1064 3938 saeculo
1090 3870 1201 3938 subula

110 3997 269 4062 iacturam
296 3993 439 4070 lecerat,
477 3988 754 4083 quandoquidem
787 4013 829 4054 ne
862 3988 1100 4053 Ambrosianus
1127 3986 1203 4080 qui-

113 4111 192 4177 dem
217 4110 307 4175 liber
332 4126 469 4200 praeter
496 4105 580 4171 duos
614 4121 780 4170 extremos
816 4128 929 4169 versus
956 4103 1139 4195 quicquum
1161 4101 1203 4169 il-

114 4226 177 4291 lius
204 4224 334 4318 prologi
361 4225 476 4290 tenuit.
528 4224 613 4288 Num
639 4219 732 4313 quod
755 4223 907 4287 iuventus
949 4238 1014 4297 est,
1049 4221 1107 4311 qui
1143 4220 1203 4288 ltos

115 4347 206 4433 ipsos
234 4341 317 4407 duos
344 4338 524 4407 versiculos
551 4338 626 4405 sutis
653 4362 724 4404 esse
742 4336 785 4402 ud
806 4334 1008 4427 expleudum
1026 4337 1103 4403 iusti
1126 4360 1205 4429 pro-

118 4457 186 4549 logi
211 4480 328 4521 munus
351 4457 412 4521 sibi
440 4451 671 4547 persuaderet:
699 4451 778 4538 (vid.
794 4452 957 4520 Niebuhri
979 4451 1103 4544 Opusc.
1131 4452 1205 4520 hist.

121 4593 155 4641 et
181 4570 263 4666 phil.
289 4571 315 4648 Ι,
340 4597 375 4663 p.
400 4570 470 4640 169
498 4565 580 4662 sq.:)
615 4569 651 4636 id
678 4568 815 4661 quidem
839 4592 1009 4660 nunquam
1036 4570 1130 4662 potui
1157 4592 1210 4635 se-

122 4690 163 4756 tis
191 4687 358 4756 demirari.
