2820 5332
221 741 265 813 tt
472 771 491 810 r.
521 768 563 810 nn
591 764 706 810 atavus
732 759 859 810 noerae
888 741 1078 813 noutlntvs.

219 938 319 1004 tertio
346 937 422 1005 loco
448 940 541 1003 novis
564 938 756 1005 nominibus
784 940 821 1006 T.
846 936 1019 1019 Maecium
1043 952 1191 1004 vocaret:
1222 930 1315 1028 qnod

120 1130 124 1136 .
219 1051 357 1145 quidem
384 1052 560 1119 variandae
586 1054 743 1120 orationis
769 1052 915 1120 studium
943 1069 1151 1120 nontantnm
1167 1051 1314 1117 alienum

218 1166 268 1249 ab,
288 1168 352 1233 boc
378 1189 511 1258 genere,
538 1165 596 1231 sed
623 1188 667 1232 ne
694 1167 867 1261 inelegans
894 1167 1036 1260 quidem
1062 1184 1121 1235 est.
1162 1168 1236 1232 Nec
1259 1166 1314 1232 in-

219 1281 388 1375 eleganter
412 1283 589 1374 repetitum
616 1279 650 1347 in
677 1285 777 1349 tertio
805 1308 900 1348 versu
917 1287 1013 1370 fuit:

315 1391 433 1487 Ne'pue
467 1394 555 1462 odeo
588 1392 767 1488 Agroecus
806 1420 915 1490 neque
946 1389 1216 1465 Commorientes
1233 1401 1314 1486 suit

888 1509 1005 1580 Macci
1028 1494 1115 1580 Titi:

224 1645 339 1692 contra
365 1629 419 1692 vix
446 1646 558 1694 carcat
583 1624 766 1693 offensione
791 1626 990 1719 inperfecti
1019 1627 1133 1694 locum
1155 1627 1315 1694 subsuta.

219 1756 289 1805 tum
321 1755 390 1819 est,
429 1739 522 1833 quod
556 1757 724 1830 postrema
757 1739 885 1831 syllaba
920 1739 1191 1807 Commorientes
1222 1743 1313 1806 vocis

217 1855 314 1925 facile
341 1857 506 1948 quispiam
530 1857 726 1946 absorptum
753 1873 860 1947 putet.
892 1855 964 1922 Sed
990 1873 1099 1922 tamen
1125 1878 1195 1923 non
1221 1856 1314 1921 omni

221 1996 262 2037 ex
302 1989 397 2062 parte
431 1993 586 2037 versuum
613 1971 744 2035 numeri
780 1969 983 2037 satisfaciunt
1009 1971 1205 2037 Hermanno
1231 1992 1314 2062 pro-

218 2086 304 2151 bati:
343 2084 480 2177 quando
519 2083 659 2182 difficile
689 2085 792 2151 luerit
819 2083 1019 2177 productam
1046 2082 1227 2176 Agroecus
1252 2108 1311 2150 no·

220 2201 318 2266 urinis
333 2200 651 2293 antepaenultimam
666 2197 862 2265 defendere.
892 2201 930 2265 ln
945 2219 1106 2301 promptu
1125 2198 1316 2267 esse‘dice·

220 2339 291 2380 rern
318 2313 395 2379 alibi
424 2316 548 2380 inserto
573 2316 652 2401 fuit
682 2313 784 2380 verbo
822 2309 910 2380 bane
943 2339 1060 2381 versus
1086 2315 1256 2408 speciem:

268 2423 341 2493 Nc'c
356 2431 436 2515 fuit
461 2429 549 2493 adeo
575 2424 752 2518 Agroe'cus
779 2453 888 2520 nepue
904 2425 1174 2496 Commo'rr‘entes
1196 2421 1314 2495 Macci

736 2543 738 2548 ’
878 2545 958 2623 Titi,

221 2656 369 2751 neglecti
410 2676 523 2725 autem
556 2679 710 2726 accentus
746 2659 994 2731 excusationem
1021 2684 1039 2726 a
1065 2656 1210 2725 nominis
1235 2682 1318 2752 pro-

222 2777 286 2867 prii
314 2792 429 2840 natura
454 2792 624 2866 paratam:
661 2776 725 2839 nisi
763 2799 830 2841 non
866 2776 978 2841 facere
1004 2773 1106 2840 iidem
1136 2773 1318 2841 excusandi

222 2891 396 2957 artificium
419 2889 657 2984 intelligerem,
681 2889 772 2983 quod
800 2909 892 2957 certe
916 2913 983 2955 non
1010 2892 1081 2955 sine
1107 2889 1221 2983 speeie
1246 2889 1316 2955 veri

223 3004 321 3068 etiam
343 3004 379 3068 in
405 3003 605 3096 productam
631 3025 767 3097 praeter
792 3030 920 3072 morem
942 3002 1104 3097 syllabam
1131 3002 1318 3069 transferas.

223 3120 315 3200 Quae
343 3129 418 3183 cuni
443 3119 487 3182 ita
509 3117 592 3197 sint,
627 3117 717 3182 haud
744 3121 813 3185 scio
840 3143 882 3184 an
907 3135 1060 3209 praestet
1084 3134 1139 3182 aut
1163 3134 1318 3210 transpo-

225 3235 285 3298 sita
311 3232 399 3296 odeo
426 3230 587 3324 particula
614 3249 670 3296 aut
695 3234 867 3298 nominum
893 3232 977 3298 locis
1003 3235 1094 3298 inter
1120 3256 1156 3298 se
1177 3256 1318 3323 permu-

226 3349 299 3412 tatis
322 3347 407 3413 baec
433 3345 606 3412 scribendi
632 3369 753 3437 genera
780 3371 1000 3438 proponere:

192 3442 198 3449 ⁸
272 3457 391 3554 Ne'que
424 3459 604 3552 Agroecus
640 3485 749 3553 neque
798 3460 887 3528 tideo
936 3455 1204 3528 Commorie'ntes
1241 3463 1322 3546 snit

873 3569 989 3643 Macci
1016 3577 1104 3643 Titi:

274 3687 392 3784 Ne'que
439 3688 526 3754 odeo
570 3693 651 3776 fnit
692 3686 961 3761 Commorientes
999 3686 1107 3779 neque
1142 3687 1321 3780 Agroecus

873 3801 993 3871 Mocct‘
1016 3805 1098 3871 Titi.

310 3946 407 3997 boetius
422 3945 478 4015 (vel
492 3945 727 4014 boecius)unpnsm
736 3945 794 4011 fuit.
816 3941 899 3995 Primo
912 3948 1083 3993 autemversu
1093 3954 1142 3992 nee
1152 3946 1212 3990 ante
1223 3937 1323 3989 Leones

312 4039 372 4102 (pro
384 4047 437 4100 quo
449 4036 516 4084 unus
527 4041 622 4084 tantum
631 4030 719 4096 Tbysii
730 4030 796 4082 libes
805 4044 893 4080 rerum
901 4028 1105 4080 lenonesuorneu
1115 4026 1234 4092 exhibet)
1244 4025 1323 4074 omit-

294 4125 372 4192 :tunt
383 4119 469 4182 Barb„
484 4118 567 4182 Cora,
583 4120 730 4182 Vaticanus,
758 4118 801 4186 qui
813 4124 947 4184 praeterea
967 4117 1075 4182 priscam
1088 4115 1200 4183 peransei
1217 4113 1325 4164 formam
1354 4164 1357 4169 ,

313 4208 435 4258 serravit
455 4206 483 4256 ln
492 4205 583 4257 eodem
594 4203 679 4256 latinis
691 4203 783 4256 litteris
790 4204 922 4272 rlproecus
932 4206 1063 4270 scripturn,
1076 4220 1203 4271 apresens
1212 4202 1238 4251 in
1248 4199 1326 4250 Bnrb.

310 4290 395 4357 (lata,
417 4310 509 4361 procus
527 4293 554 4344 ln
577 4289 652 4344 vtnd.
675 4322 708 4333 -
730 4288 850 4343 Ueterum
871 4289 1096 4343 vindobonensem
1127 4291 1183 4356 ipae
1212 4288 1325 4353 inspexi,

315 4381 441 4444 Venami,
461 4379 647 4442 bethennim,
666 4379 809 4431 &somatis
835 4381 951 4431 notitiam
979 4375 1104 4428 Dresselii
1123 4373 1324 4426 benevolentiae

315 4466 409 4530 debeo,
434 4468 507 4518 cuius
536 4464 703 4516 eluculento
730 4475 853 4532 apparatu
874 4466 1002 4527 Gelliano,
1035 4464 1093 4515 dum
1112 4464 1210 4514 lionae
1229 4475 1323 4525 moror,

314 4551 388 4602 licuit
418 4568 485 4619 quae
511 4553 542 4602 ad
566 4553 682 4603 Plautum
703 4559 851 4617 spectarent
874 4565 1023 4616 excerpere.
1067 4550 1145 4619 (Cum
1163 4548 1250 4617 paullo
1269 4556 1329 4615 post

239 4704 241 4707 Υ
314 4639 409 4690 editam
430 4638 496 4690 banc
517 4638 759 4690 commentationem
779 4637 886 4702 Regium
912 4637 1027 4686 codicem
1048 4637 1105 4702 ipse
1123 4645 1275 4699 tractarem,
1300 4636 1326 4684 in

314 4722 365 4775 boc
382 4739 486 4792 qaoque
500 4724 617 4790 ,cognovi
635 4737 685 4774 nee
702 4721 843 4773 desiderari
865 4729 891 4773 et
906 4724 1017 4788 partiaci
1037 4726 1160 4788 emtore.)
