2820 5332
244 660 316 731 404
659 680 713 724 vtt.
740 680 781 722 oe
810 678 922 724 rtarrt

144 920 147 927 .
246 856 436 950 quomodo,
470 880 555 950 qnos
588 853 767 923 versiculos
801 871 879 920 natu
907 851 1037 921 Siculus
1060 846 1161 919 hoino
1187 850 1335 944 Neapoli

245 977 505 1066 composuisset,
542 975 577 1037 in
613 997 669 1038 eos
696 973 868 1038 Messanae
895 970 979 1037 sorte
1002 968 1154 1036 incidere
1179 970 1334 1036 Lasearis

243 1090 399 1182 potuerit.
436 1092 487 1155 Ac
513 1088 648 1155 forsitan
675 1086 802 1180 aliquid
830 1086 912 1152 lucis
939 1089 971 1151 iu
995 1086 1082 1152 hanc
1100 1089 1333 1178 quaestionem

204 1236 209 1254 ν
242 1202 434 1269 redundare
462 1228 503 1270 ex
530 1226 570 1268 eo
598 1201 714 1269 codic'e
738 1204 908 1294 potuerit,
944 1227 1045 1294 quem
1072 1200 1253 1268 duodecim
1281 1203 1333 1268 sa-

241 1318 336 1385 bulas
361 1321 563 1411 posteriores
596 1315 874 1410 complectentem
901 1319 1075 1384 Messanae
1107 1315 1331 1410 Goettlingius

241 1434 343 1514 vidit,
376 1458 466 1501 nunc
499 1433 640 1499 relatum
664 1435 699 1498 iu
724 1431 845 1498 Blamii
872 1431 1027 1499 Biblioth.
1050 1431 1126 1498 libr.
1153 1456 1227 1498 mas
1250 1432 1328 1498 Ital.

240 1577 274 1644 p.
301 1552 382 1620 2‘27.
434 1552 506 1618 Nec
539 1550 716 1641 quiequam
752 1572 885 1613 caussae
919 1570 991 1613 ease
1014 1545 1128 1627 video,
1162 1546 1325 1614 cordaio

238 1666 325 1735 malo
351 1668 462 1759 potius
487 1667 603 1758 egisse,
630 1689 727 1757 quam
753 1661 870 1729 lusisse
893 1664 992 1729 animi
1020 1688 1132 1731 caussa
1153 1665 1327 1730 Panormi-

239 1799 306 1848 tam
331 1783 549 1874 suspicemur,
576 1778 627 1845 vel
652 1778 695 1845 de
722 1776 895 1871 fraudis*
912 1780 1076 1871 participe
1102 1758 1241 1847 [escere
1268 1804 1327 1845 co·

238 1899 377 1990 gitemm
402 1922 475 1964 cum
498 1895 698 1965 Niebuhrio:
734 1918 773 1961 eo
810 1895 919 1959 minus
954 1919 1103 1972 cerussae,
1137 1892 1229 1986 quod
1258 1919 1327 1960 nou

238 2014 414 2080 obscuram
446 2012 548 2078 fuisse
587 2009 675 2076 illius
709 2009 937 2102 supplementi
972 2011 1133 2102 originem
1165 2011 1238 2102 ipso
1273 2011 1323 2075 Pii

236 2127 392 2220 exemplo
420 2126 535 2192 doceri
560 2125 732 2207 videmur,
768 2129 820 2193 eui
857 2125 993 2220 quidem
1016 2123 1224 2218 reliquarum
1248 2149 1324 2191 sce·

234 2267 352 2313 narum
383 2242 631 2334 suppositarum
661 2259 837 2324 auctores,
877 2261 1036 2335 quantum
1068 2266 1108 2307 er
1136 2243 1206 2308 eius
1232 2265 1351 2309 com-.

234 2358 406 2423 memoriis
431 2356 513 2423 licet
537 2355 696 2436 iudicare,
721 2382 788 2425 nou
805 2358 882 2424 item
902 2358 1024 2448 cogniti
1051 2356 1193 2426 suerunt
1220 2353 1321 2439 Quod

234 2469 347 2539 valere
376 2473 474 2538 etiam
498 2472 534 2536 in
563 2469 749 2537 Aululariae
771 2471 862 2538 illam
888 2496 1021 2537 scenam
1039 2469 1127 2550 volo,
1150 2495 1248 2563 quam
1269 2494 1325 2536 er-

234 2604 351 2652 rarunt
377 2610 491 2653 omnes
524 2587 583 2677 qui
616 2612 634 2652 a
673 2587 892 2679 Carpentario
928 2589 1073 2679 primum
1100 2585 1218 2652 editam
1245 2611 1323 2650 nar-

237 2718 364 2768 rarunt.
413 2702 571 2768 Ceterum
605 2727 705 2793 quem
740 2703 920 2795 Longolios
955 2701 1107 2769 codicem
1140 2705 1324 2769 Romanum

235 2836 427 2895 antestatur‚
454 2817 498 2884 de
527 2842 567 2884 eo
593 2817 648 2883 hic
671 2816 788 2884 dicere
819 2843 860 2885 eo
888 2820 996 2883 miuus
1022 2819 1148 2900 attinet,
1178 2842 1246 2910 quo
1275 2818 1326 2884 di-

239 2932 394 3026 ligentius
420 2934 456 2999 iu
481 2957 557 2999 eum
583 2930 647 2999 alio
671 2932 748 3001 loeo
774 2934 1013 3027 inquisivimus.
1040 2929 1070 3018 *)

666 3301 675 3321 .
739 3204 767 3292 §-
795 3207 826 3274 5.

159 3400 182 3459 „1
336 3379 447 3444 Vnum
471 3376 630 3469 quiddam
656 3395 767 3456 restat,
801 3376 933 3445 silentio
958 3403 1026 3444 non
1051 3381 1323 3472 praetermitten·
1404 3398 1408 3409 ·

135 3479 163 3595 ,33³
193 3576 208 3603 ‚
242 3493 333 3571 dum,
365 3494 442 3585 quia
469 3495 681 3560 coniunctum
708 3513 757 3560 est
781 3519 855 3560 cum
874 3493 1005 3561 utiliore
1020 3497 1225 3588 quaestione.
1256 3495 1324 3559 Le-

114 3598 141 3658 f'
173 3608 200 3697 'Ji
240 3607 358 3700 pidum
385 3608 472 3672 euim
499 3607 700 3673 Bacchidem
726 3610 976 3676 instauratorem
999 3636 1041 3676 ne
1065 3613 1156 3705 origo
1183 3608 1324 3704 quidem

97 3717 115 3779 t'
145 3722 172 3819 <d
242 3722 374 3790 fabulae
402 3721 530 3788 Graeca
558 3721 641 3814 fugit
664 3724 798 3817 Prologi
821 3752 850 3789 u.
878 3723 946 3792 36:

71 3836 100 3933 ,d
142 3890 148 3905 s
341 3838 520 3906 Philemon
547 3836 719 3906 Graecam
744 3841 822 3905 olim
848 3841 944 3906 dedit
959 3838 1132 3927 fabulam.

20 3944 78 4047 (33⁴-
110 3972 143 4034 Q·
341 3956 447 4021 Hanc
469 3958 528 4046 qai
551 3960 779 4045 graecissant,
806 3955 996 4023 Euantidcs
1021 3973 1237 4048 nitncapam:
1267 3938 1273 3977 ’ἑ

18 4054 65 4203 γ’
100 4070 124 4145 ’ξ’
341 4070 472 4148 Plotns,
498 4073 556 4161 (μα’
577 4070 770 4150 latinassat‚
798 4088 896 4136 vocat
919 4070 1117 4138 Bacchides.

11 4160 76 4241 {su

346 4342 492 4392 academica
513 4339 631 4393 Leideuai
651 4352 778 4395 serratum
799 4349 948 4397 monstrarit
964 4345 984 4398 1.
1005 4345 1087 4398 Geelii
1106 4348 1271 4412 propensata
1285 4359 1328 4395 me

348 4428 475 4479 voluntas.

294 4520 321 4585 ⁶)
349 4514 412 4566 Mus.
435 4514 477 4581 ph.
498 4512 545 4565 [lh.
564 4513 581 4564 1.
601 4531 625 4566 e.
643 4529 668 4581 p.
693 4513 742 4567 teo
762 4529 818 4582 sqq.
846 4514 995 4584 Quanquam
1012 4529 1113 4580 comm,
1139 4530 1205 4585 quae
1223 4513 1278 4566 illic
1296 4515 1329 4566 de

349 4601 463 4652 Romano
484 4601 574 4653 codice
592 4601 710 4670 Longolii
729 4603 846 4665 conieci,
870 4605 985 4670 quamvis
1012 4603 1127 4656 studioso
1143 4601 1265 4656 Romanis
1283 4602 1326 4652 bi-

345 4688 482 4740 bliothecis
503 4690 685 4757 pervestigatio
706 4689 768 4741 nihil
786 4689 913 4742 affirmare
930 4689 1000 4741 licet.
