2820 5332
345 710 372 752 v.
393 710 435 752 na
462 709 566 753 aerae
594 708 760 752 ratarum
787 699 951 753 rtnroaa.
1119 676 1191 751 349

103 904 205 945 sensu
230 898 353 958 nostro,
380 878 440 944 sed
466 881 508 946 ita
536 880 849 971 comprobabimus,
879 896 914 944 ut
936 903 998 972 pro
1024 877 1189 946 secunda-

104 996 161 1060 riis
186 1015 218 1061 et
240 994 432 1060 adventiciis
460 996 646 1073 babeamus.
698 996 738 1060 Et
763 994 908 1085 primum
935 993 1072 1086 quidem
1096 993 1190 1087 quod

105 1109 145 1173 ad
172 1111 361 1201 Campanos
386 1111 538 1189 attinet‚·
557 1111 618 1176 etsi
650 1130 745 1176 recte
779 1108 1097 1176 Windiscltmanuus
1123 1112 1190 1176 sin·

104 1223 251 1315 gularem
278 1228 342 1291 rim
369 1250 442 1290 esse
470 1230 538 1290 ium
563 1224 753 1318 particulae·
766 1226 876 1304 sensit,
903 1243 1012 1291 tamen
1033 1250 1099 1317 quo
1115 1226 1191 1318 qui-

103 1341 178 1406 dem
207 1340 260 1406 illa
289 1357 466 1432 spectaret,
492 1358 636 1407 autnon
663 1341 829 1435 persensit
851 1361 905 1408 ant
931 1366 996 1408 non
1016 1340 1193 1433 diligenter

105 1456 282 1548 explicavit
315 1482 424 1549 eoque
457 1455 524 1548 quo
565 1456 728 1524 debuerat
759 1459 931 1526 convertit.
994 1458 1066 1524 Hoc
1102 1456 1191 1521 enim

104 1573 168 1638 sibi
205 1571 309 1637 voluit
347 1589 459 1663 poeta,
497 1589 531 1637 ut
555 1570 753 1637 delicatulus
780 1570 859 1637 olim
883 1573 1035 1638 homines
1062 1569 1190 1638 servilis

105 1686 312 1753 condicionis
340 1686 555 1751 diuturnitate
582 1710 669 1753 nunc
696 1685 830 1751 demum
857 1686 890 1751 b.
919 1711 947 1751 e.
976 1704 1051 1778 post
1075 1686 1191 1779 viginti

103 1827 265 1866 annorum
304 1802 467 1866 miseriam
502 1819 536 1866 ct
568 1799 703 1867 labores
741 1801 844 1885 (nonz
872 1820 948 1894 post
970 1802 1104 1894 Capuae
1131 1826 1192 1868 ex·

104 1915 354 2009 pugnationem)
383 1942 422 1982 eo
448 1915 582 1984 adactos
613 1942 687 1984 csse
714 1917 934 2008 significaret,
973 1937 1009 1984 ut
1044 1916 1095 1983 vel
1130 1943 1191 2009 pa·

106 2033 292 2098 tientissimi
318 2033 465 2098 omnium
492 2051 658 2099 exstarent
682 2051 780 2125 atque
799 2033 885 2099 adeo
901 2031 1112 2099 durissimum
1135 2059 1193 2126 ge·

106 2173 166 2214 nus
192 2173 361 2213 servorum
388 2168 592 2239 superarent,
632 2147 723 2241 quod
751 2147 811 2213 suit
834 2149 1004 2240 Syrorum.
1055 2150 1104 2214 Ac
1130 2151 1192 2215 mi·

105 2288 179 2328 runt
206 2282 254 2328 est
279 2262 399 2355 fugisse
423 2263 779 2343 Windischmannum,
819 2289 860 2329 ne
887 2265 1032 2356 potuisse
1055 2264 1192 2356 quidem

104 2379 189 2442 intra
225 2403 405 2469 paucorum
438 2403 599 2445 annorum
634 2379 777 2472 spatium
811 2379 852 2443 ab
891 2399 1038 2445 extrema
1063 2378 1192 2445 luxuria

106 2515 139 2560 et
165 2493 303 2559 ruollitie
325 2492 368 2559 ad
396 2512 460 2559 tam
487 2495 649 2560 diversam
676 2512 777 2586 atquc
805 2493 889 2560 adeo
918 2497 1115 2559 contrariam
1139 2497 1192 2559 in-

106 2609 215 2675 dolem
244 2610 385 2675 subitam
412 2611 667 2676 conversionem
695 2610 780 2674 lieri.
830 2609 990 2674 Ceterum
1023 2633 1090 2676 non
1117 2610 1190 2676 sine

105 2724 215 2817 aliqua
243 2751 356 2791 caussa
382 2745 516 2818 poetam
542 2743 619 2818 post
644 2743 769 2792 tantum
795 2727 957 2816 temporis
977 2724 1189 2791 intervallum

106 2859 168 2905 tam
204 2843 325 2907 acerbe
359 2840 544 2908 cavillatum
579 2866 653 2907 esse
686 2841 784 2907 nobis
824 2864 960 2932 quoquc
987 2841 1058 2906 veri
1083 2837 1191 2906 simile

103 2955 249 3039 videtur3
276 2982 395 3049 quam
417 2957 573 3021 habuerit
586 2953 724 3021 ludibrii
739 2979 897 3035 caussam,
923 2979 991 3022 non
1010 2956 1112 3049 magis
1128 2979 1191 3023 no·

104 3072 208 3136 vimus
236 3098 332 3164 quam
360 3088 407 3137 tot
432 3070 495 3137 alia
520 3069 563 3136 ad
590 3073 828 3138 accuratiorem
854 3072 1002 3139 notitiam
1026 3071 1115 3139 illius
1132 3098 1190 3140 aa·

106 3189 176 3252 tatis
204 3187 399 3278 pertinentia
429 3212 446 3251 a
472 3187 565 3252 bivio
592 3184 774 3266 docemur,
806 3187 942 3251 nimium
979 3187 1014 3250 in
1051 3186 1189 3253 modum

105 3301 186 3381 illo,
224 3305 286 3368 nisi
320 3304 378 3367 ubi
403 3301 495 3368 bella
521 3303 703 3395 perscribit
729 3319 763 3367 et
786 3299 822 3366 id
847 3326 949 3392 genus
976 3300 1058 3382 alia,
1094 3301 1189 3370 arido

104 3434 201 3508 atquc
226 3416 311 3482 exili.
349 3421 493 3483 Tantum
519 3417 615 3484 facile
639 3414 779 3482 concedi
804 3434 896 3508 puto,
922 3410 1189 3509 probabiliorem

104 3549 261 3622 oportere
287 3557 433 3598 caussam
460 3532 560 3597 fuisse
587 3556 687 3623 quam
714 3529 900 3598 aNandeto
917 3533 1140 3626 excogitatam.

201 3646 297 3712 Nunc
322 3664 432 3713 autem
460 3647 556 3712 ctiam
581 3645 712 3739 longius
738 3645 898 3740 progredi
922 3646 1000 3713 licet
1028 3667 1060 3715 et
1086 3673 1124 3713 cx
1147 3650 1187 3716 iis

105 3764 333 3852 argumentari,
373 3789 458 3855 quac
487 3787 549 3854 per
573 3786 621 3842 se,
647 3763 774 3854 absque
802 3761 859 3826 illo
888 3780 1042 3855 tanquam
1069 3761 1188 3828 funda·

106 3895 214 3948 mento
242 3895 336 3955 esset,
375 3875 464 3943 haud
490 3876 603 3968 paullo
630 3877 731 3969 magis
758 3862 908 3966 ambigua
935 3877 1052 3942 forent.
1101 3872 1189 3947 Num

106 4016 180 4056 curu
208 3996 324 4059 merito
350 3994 570 4059 Petersenum
603 3990 752 4082 aliosque
788 3992 895 4083 gravis
932 3989 987 4056 illa
1011 4010 1189 4082 corrupto·
1272 3980 1276 3991 ¹

102 4131 174 4171 rum
201 4132 329 4172 urorum
357 4104 524 4199 castigatio
549 4104 748 4182 adverterit,
783 4130 846 4196 qua
872 4129 949 4170 saue
974 4107 1111 4198 insignis
1138 4123 1189 4174 est

105 4222 336 4295 Trinummus,
367 4239 475 4286 tamen
513 4221 576 4286 hoc
601 4221 710 4311 ipsum
735 4218 846 4311 aliqua
872 4243 910 4283 ex
937 4238 1030 4311 parte
1055 4219 1187 4287 videtur

105 4336 227 4400 certius
255 4335 387 4400 definiri
414 4360 521 4426 posse.
571 4336 706 4399 Praeter
733 4352 842 4400 cetera
881 4337 987 4415 euim,
1020 4361 1105 4428 quae
1137 4334 1186 4402 la-

104 4450 166 4512 tius
194 4466 307 4539 patere
335 4448 559 4515 confitendum
587 4467 657 4528 est,
693 4474 793 4514 unum
817 4474 921 4542 genus
948 4451 1114 4540 pravitatis
1140 4453 1185 4518 ita

104 4565 228 4629 eminet
253 4565 286 4627 iu
310 4563 405 4631 huius
432 4564 563 4632 subulae
589 4567 819 4646 sermonibus,
854 4583 890 4630 ut
921 4564 1077 4634 decerto
1105 4591 1186 4634 con-

100 4678 173 4745 silio
215 4695 334 4771 poctac
374 4680 425 4746 vix
462 4677 621 4772 equidem
661 4679 819 4747 dubitem.
867 4682 1003 4775 Operae
1040 4683 1186 4776 pretium
