2820 5332
390 1741 451 1808 nn
477 1739 642 1811 rcnvrr
666 1740 977 1815 naccnrmavs
1008 1741 1042 1828 *).

588 1933 805 1949 *0⁴*

664 2032 769 2182 51(

272 2297 364 2362 Inter
390 2285 496 2362 Plauti
521 2292 647 2362 fabulas
681 2321 767 2390 quae
802 2313 941 2363 aetatem
968 2295 1115 2362 tolerunt
1140 2294 1253 2391 viginti

169 2438 227 2481 cur
252 2436 406 2479 nonum
432 2409 543 2478 locum
560 2410 744 2478 Bacchides
772 2412 928 2490 obtineat,
954 2410 1174 2504 probabiliter
1189 2435 1251 2477 nu·

167 2555 232 2621 per
268 2528 486 2620 significatum
518 2544 566 2592 est
596 2526 758 2594 Muelleri
790 2529 822 2591 in
849 2529 989 2593 Varron.
1024 2526 1067 2591 de
1093 2526 1170 2618 ling.
1197 2524 1251 2592 lat.

165 2645 374 2709 annotatione
399 2667 435 2734 p.
462 2636 543 2708 304.
570 2636 618 2725 ”)
669 2643 711 2708 Et
735 2645 926 2710 universum
959 2641 1095 2735 quidem
1121 2638 1249 2706 sabula-

114 2753 116 2758 *
165 2783 240 2823 rum
266 2758 418 2824 ordinem
444 2759 610 2823 neminem
637 2783 782 2851 unquam
804 2759 885 2850 sugit
908 2782 945 2822 ex
961 2757 1170 2849 grammatica
1193 2753 1247 2820 lit-

165 2888 308 2937 terarum
332 2873 420 2937 serie
446 2889 561 2964 aptum
589 2897 674 2937 esse.
719 2872 818 2955 Quod
846 2870 1048 2962 disponendi
1075 2895 1176 2963 genus
1195 2895 1246 2935 sa-

166 2988 205 3051 tis
231 2987 397 3053 veteribus
431 2987 583 3052 usitatum
617 3002 755 3077 practer
788 2986 850 3053 alia
876 2988 916 3053 ab
943 2984 1126 3053 Welclero
1154 3008 1245 3051 com-

164 3118 344 3166 memorata
370 3099 558 3191 Prolegom.
582 3101 616 3164 in
641 3103 671 3166 T
673 3102 830 3194 heognid.
846 3129 881 3196 p.
896 3104 966 3182 CV,
992 3102 1026 3167 in
1043 3096 1244 3190 Anthologia

164 3217 290 3282 Graeca
316 3233 393 3308 post
420 3216 604 3284 lacobsium
627 3218 798 3284 Passovius
824 3217 1075 3292 demonstravit,
1111 3212 1153 3278 ad
1186 3214 1243 3278 ci·

166 3332 296 3398 ceronis
322 3330 405 3397 adeo
427 3332 593 3398 orationes
613 3332 814 3400 Niebuhrius
837 3332 1107 3400 accommodavit.
1121 3328 1186 3415 m)
1214 3331 1240 3394 E

164 3444 390 3538 compluribus
416 3463 524 3511 autem
551 3445 664 3512 formis
687 3445 775 3512 illius
801 3452 941 3538 generis,
969 3446 1012 3516 da
1033 3446 1243 3542 quibusport

162 3560 322 3626 Ranlsium
348 3561 476 3627 Comm.
501 3558 543 3625 de
566 3561 709 3652 Hesych.
734 3587 768 3654 p.
790 3567 846 3634 70.
861 3561 918 3634 84.
943 3566 1014 3658 ipse
1038 3564 1091 3656 egi
1111 3561 1242 3655 Proleg.

162 3677 195 3740 in
222 3676 343 3743 Thom.
370 3677 457 3768 Mag.
483 3700 519 3767 p.
544 3676 608 3741 XV
632 3701 706 3770 sq.‚
740 3704 837 3744 unam
867 3704 1006 3771 eamqna
1029 3678 1163 3742 minime
1187 3700 1242 3740 ra-

107 3864 110 3870 ·
158 3817 231 3858 ram
263 3794 382 3859 scimus
417 3792 502 3856 hanc
538 3791 656 3866 fuisse,
694 3810 730 3858 ut
762 3793 926 3885 neglectis
961 3792 1099 3885 reliquis
1134 3790 1241 3882 prima

160 3905 315 3998 qnaeque
341 3904 542 3997 singularum
561 3931 678 3975 vocum
701 3906 810 3973 littera
824 3925 1029 3999 spectaretur
1043 3903 1122 3974 sola.
1150 3906 1241 3986 Quo-

161 4022 248 4088 circa
286 4023 346 4086 etsi
377 4045 446 4086 non
475 4039 525 4087 cst
556 4020 649 4112 quod
680 4022 839 4086 miremur
864 4022 1035 4087 nominum
1062 4021 1122 4084 lios
1148 4018 1240 4085 ordi-

159 4161 238 4202 nes:
273 4136 419 4228 Captivi,
447 4134 616 4216 Curculio,
643 4137 762 4202 Casina
799 4137 874 4223 (nisi
901 4135 1039 4229 quidem
1062 4134 1157 4205 Sam„
1178 4135 1240 4201 Pe-

171 4312 444 4327 m*-

213 4383 239 4448 ‘J
257 4380 332 4432 Edita
351 4383 517 4434 thiaiariae
534 4398 557 4432 ι.
577 4395 785 4435 ciorocccmrr.

193 4469 235 4530 ⁴⁸)
262 4466 356 4518 Eadem
374 4469 473 4521 duobus
491 4478 551 4521 anto
568 4469 680 4520 saeculis
700 4469 809 4521 ilarollii
828 4471 974 4522 coniectura
992 4471 1048 4536 fuit,
1069 4478 1097 4524 nt
1114 4472 1240 4539 praelatio

259 4555 377 4606 editionis
397 4558 423 4607 in
442 4574 514 4608 aanor
535 4555 654 4622 Delphini
676 4564 779 4623 paratae
796 4572 821 4622 p.
843 4555 886 4610 lx
907 4564 1025 4612 testatur.

183 4647 238 4710 m)
257 4641 299 4696 Gi.
320 4657 399 4710 snpra
417 4650 612 4696 commemorata
631 4651 717 4697 annot.
738 4657 763 4710 p.
783 4643 845 4698 322.
