2820 5332
221 719 268 788 56
563 746 596 787 ιι.
623 745 666 788 nr
691 741 821 788 secter
848 744 980 790 enters.
1050 762 1053 767 Δ

220 941 307 984 mam
334 915 479 982 salsulam
506 916 630 997 docuit,
656 919 787 986 Livium
813 939 1071 987 consentaneum
1097 940 1147 989 cst
1168 923 1314 1010 quadra-

221 1031 312 1123 ginta
338 1056 441 1098 annos
467 1050 578 1097 natum
605 1031 750 1098 eredere
779 1033 826 1118 (Ιι.
852 1059 882 1100 e.
899 1035 1002 1106 circa
1026 1062 1055 1101 a.
1082 1034 1155 1104 5¹4
1175 1039 1315 1124 statum),

220 1146 334 1212 minor
356 1145 526 1237 aliquanto
552 1145 610 1212 ille
637 1146 780 1238 prodeat
813 1173 913 1240 quam
937 1148 1071 1216 Plautus
1099 1170 1132 1218 et
1156 1153 1315 1220 Naevius:

221 1263 316 1351 atqui
350 1261 386 1325 hi
418 1261 545 1327 eisdem
580 1260 773 1329 consulibus
812 1262 930 1329 multas
959 1263 1084 1332 fabulas
1113 1265 1315 1334 docuerant:

223 1402 303 1469 crgo
323 1401 388 1442 non
417 1394 528 1468 potest
552 1375 618 1443 illis
644 1376 779 1442 demum
808 1377 999 1444 consulibus
1024 1381 1132 1471 prima
1156 1383 1240 1448 Liuii
1267 1383 1316 1448 fa-

220 1491 301 1559 bula
328 1490 402 1556 data
429 1517 510 1558 esse.
563 1493 669 1574 Quam
703 1494 810 1584 ipsam
845 1492 1097 1561 conclusionem
1124 1498 1151 1562 si
1176 1522 1315 1564 accura-

224 1608 305 1686 tius,
339 1605 446 1699 qualis
481 1606 618 1673 tandem
643 1609 705 1687 sit,
730 1606 973 1700 perpenderis,
1005 1634 1139 1676 rursum
1162 1615 1313 1704 reperies

222 1740 339 1814 sneptc
366 1740 481 1788 natura
502 1722 706 1813 bipertitam.
733 1759 735 1764 ·
758 1723 836 1789 Duo
864 1722 953 1788 enim
986 1741 1081 1805 sunt,
1116 1751 1203 1817 quae
1225 1728 1314 1792 inter

221 1862 258 1904 se
276 1836 415 1903 diversa
440 1837 473 1899 in
502 1861 602 1911 uuum
627 1838 748 1903 Cicero
772 1835 1026 1928 conglutinavit:
1066 1839 1202 1930 quando
1233 1843 1313 1907 sim-

223 1949 305 2044 plex
332 1953 576 2037 contrariorum
597 1952 765 2042 oppositio
792 1969 848 2018 cut
871 1950 956 2019 haec
980 1969 1046 2031 est,
1086 1969 1123 2018 ut
1150 1954 1209 2045 qui
1245 1957 1317 2046 pri-

220 2090 294 2132 mus
320 2064 464 2131 fabulam
493 2063 663 2142 docuerit,
696 2062 865 2156 aliquanto
891 2066 1001 2132 minor
1027 2067 1144 2133 existat
1166 2067 1229 2148 iis,
1257 2068 1314 2160 qui

221 2202 291 2247 non
316 2179 442 2244 suerint
468 2179 502 2244 in
529 2203 569 2245 eo
595 2203 720 2269 genere
742 2178 856 2270 primi,
881 2196 937 2243 aut
960 2178 1055 2260 haec,
1082 2198 1118 2246 ut
1138 2203 1205 2272 quo
1226 2205 1313 2248 anno

222 2293 365 2386 primam
392 2291 536 2357 fabulam
562 2290 618 2357 illc
645 2290 807 2372 docuerit,
834 2308 911 2358 ante
941 2317 1019 2358 eum
1047 2318 1170 2359 annum
1195 2294 1315 2359 horum

222 2406 360 2499 quidem
395 2405 518 2471 multae
549 2407 615 2470 iam
649 2405 781 2472 fabulae
817 2404 912 2471 datae
938 2406 1020 2473 sint:
1056 2431 1200 2499 quorum
1232 2431 1312 2472 sene

221 2514 378 2589 neutrum
404 2538 464 2600 est,
493 2518 586 2612 quod
613 2544 681 2585 non
705 2519 748 2585 sit
772 2517 962 2587 absurdum.
995 2519 1239 2611 Explicavimus
1256 2544 1315 2585 au-

221 2653 289 2701 tem
312 2633 489 2700 Tullianae
528 2634 788 2700 ratiocinationis
827 2631 989 2700 occultius
1021 2658 1162 2699 acumen
1187 2635 1248 2714 ita,
1278 2651 1314 2699 ut

221 2773 483 2841 occuparemus,
511 2749 584 2814 sinc
611 2773 676 2840 qua
702 2746 759 2813 illa
786 2771 829 2814 nc
855 2746 998 2840 intelligi
1025 2746 1166 2840 quidem
1191 2765 1313 2840 potest,

220 2869 259 2931 si
287 2861 503 2956 particulam,
543 2888 618 2928 cum
652 2860 750 2955 vulgo
776 2865 824 2929 sic
849 2860 907 2927 illa
933 2860 1103 2954 legantur:
1142 2867 1198 2929 cu'i
1229 2888 1312 2928 cum

221 2978 374 3069 aeqttalis
387 2981 506 3063 facerit
533 2979 657 3044 Livius.
709 2977 894 3044 Obscurius
921 2976 1049 3043 dictum
1074 2977 1218 3044 fatentur
1241 3002 1313 3044 om·

221 3116 304 3158 nes:
331 3092 477 3157 latentur
502 3084 782 3181 percommodum
808 3095 841 3156 si
867 3115 938 3156 essc
968 3117 987 3156 a
1012 3089 1226 3158 Schneidero
1253 3091 1313 3158 Sa-

221 3229 308 3272 xone
333 3205 544 3296 propositum
571 3229 610 3269 ac
633 3206 726 3295 prius
751 3223 926 3296 receptum
959 3231 977 3269 a
1002 3207 1169 3284 Manutio,
1212 3232 1312 3296 prae-

220 3337 313 3385 terea
341 3339 448 3386 autem
484 3320 519 3384 in
550 3320 625 3411 ipsa
657 3318 804 3384 editione
827 3321 985 3413 principe
1012 3339 1209 3412 repertum:
1244 3345 1313 3387 non

219 3433 348 3500 audent
381 3435 608 3502 coniecturam
643 3433 799 3526 amplecti
825 3431 878 3519 *),
919 3435 1011 3502 cuius
1041 3431 1133 3500 nulla
1165 3460 1184 3499 a
1218 3434 1313 3503 libris

219 3574 296 3615 mss.
330 3548 424 3615 fides.
474 3551 564 3640 Ergo
602 3548 707 3615 fidem
740 3549 839 3616 faciat
870 3550 1240 3643 Lagomarsiuianorum
1266 3549 1313 3634 **)

220 3663 413 3743 auctoritas,
447 3687 590 3755 quornm
624 3688 744 3732 novem
780 3689 844 3758 pro
882 3669 938 3730 cui
960 3689 1036 3729 enm
1060 3665 1187 3731 habent
1211 3664 1314 3758 qttod,

219 3803 305 3844 unius
330 3781 393 3856 cui,
421 3796 577 3869 quattuor
599 3797 718 3860 autem,
743 3781 801 3872 qui
826 3795 983 3846 notantur
1006 3776 1212 3851 93.98.99.
1231 3783 1311 3861 101,

219 3895 330 3986 ipsum
360 3892 452 3990 quod
486 3894 672 3985 expetimus
711 3900 777 3962 cui
805 3899 861 3960 si:
900 3911 1079 3986 praeterea
1113 3892 1180 3960 duo
1207 3895 1311 3962 verba

217 4008 277 4075 illa
302 4011 412 4075 omnia
439 4013 495 4074 cui
520 4058 528 4074 .
549 4063 564 4081 ,.
593 4060 601 4075 .
631 4059 639 4074 .
665 4059 672 4075 .
698 4012 814 4078 Livius
828 4011 992 4079 omittunt.
1027 4010 1128 4077 Recte
1149 4005 1312 4074 Ellendtii

217 4124 395 4204 rationem,
423 4124 475 4191 cui
502 4123 769 4191 subaudiendum
794 4123 972 4191 videbatur
998 4149 1043 4189 ex
1062 4122 1154 4191 Attii
1172 4137 1313 4187 sericeu-

219 4243 283 4314 tte,
309 4241 503 4330 reprobavit
527 4240 688 4308 Orellius:
716 4239 777 4306 sed
802 4239 896 4305 idem
923 4265 996 4304 cum
1024 4264 1116 4305 suam
1142 4236 1311 4329 quandam

219 4354 416 4445 scripturam
444 4357 531 4422 hanc
558 4353 782 4437 commendat,
809 4359 864 4420 cui
878 4354 1030 4448 aequalis
1044 4358 1076 4420 si
1087 4356 1167 4439 suit
1184 4354 1311 4431 Livius,

188 4602 194 4612 ,
280 4543 310 4607 *t
330 4541 399 4593 lustu
418 4543 574 4595 confidentia
594 4540 664 4594 solus
682 4557 759 4592 ausus
779 4549 819 4592 est
837 4541 964 4606 lleycrus.

265 4629 309 4699 ”J
330 4631 443 4693 Quorum
461 4631 601 4698 scripturas
619 4628 766 4682 amicissimi
791 4628 894 4681 Aemilii
919 4628 1024 4680 Braunii
1040 4626 1169 4683 beneficio
1190 4632 1310 4692 aceeptus

326 4718 422 4768 refero.
