2820 5332
602 676 822 722 ascentomvs.
1188 657 1262 731 413

177 851 328 915 luminae
362 849 451 914 enim
485 847 640 916 editionis
672 848 907 917 additamentis
942 850 1112 943 proiectus
1144 851 1262 919 obsce·

178 992 253 1032 rum
279 966 413 1030 illorum
434 982 608 1030 auctorem
633 967 696 1044 ait,
731 970 799 1031 nisi
828 971 944 1033 inuri-is
965 967 1099 1056 gloriae
1124 984 1184 1034 aut
1209 967 1260 1033 lu·

179 1082 256 1146 eelli
290 1105 377 1146 vareo
408 1078 521 1146 studio
550 1081 598 1145 ad
631 1081 694 1147 lroc
715 1081 893 1148 emordium
916 1079 1043 1150 Plauto
1068 1107 1261 1173 supponen-

175 1195 254 1262 dum
272 1196 440 1288 'impulsus
463 1200 531 1271 sit,
564 1220 636 1262 tion
661 1202 812 1288 potuisse
837 1198 941 1263 aliam
966 1196 1053 1263 ntale
1078 1197 1188 1263 seduli
1207 1199 1260 1264 la·

174 1310 265 1376 boris
292 1332 447 1376 caussam
470 1309 610 1386 laudere,
635 1335 735 1398 quam
761 1311 852 1405 quod
873 1329 1012 1404 poetam
1037 1328 1097 1377 aut
1112 1312 1259 1403 prologo

173 1426 406 1518 supersedere,
432 1444 493 1492 aut
516 1453 684 1519 person-as
710 1452 764 1527 eo,
788 1452 886 1518 quem
905 1428 1014 1518 finxit
1036 1451 1192 1492 serruone
1208 1428 1259 1495 lo.-
1344 1438 1347 1443 ’

171 1559 313 1635 quentes
337 1546 375 1606 in
399 1566 537 1608 scenam
560 1543 792 1618 introducere,
818 1561 877 1609 aut
901 1562 1077 1635 utrumque
1100 1567 1171 1609 non
1194 1568 1259 1634 po-

170 1663 273 1723 tuisse
308 1656 548 1726 arbitraretur.
600 1661 726 1752 Itaque·
751 1661 896 1750 primum
932 1657 1064 1751 prologi
1098 1662 1258 1750 praemit-
1330 1706 1334 1712 -

170 1772 266 1839 tendi
307 1772 431 1838 nullam
472 1773 572 1864 plane
616 1777 847 1841 necessitatem
888 1799 959 1840 esse
1000 1771 1110 1841 studet
1144 1799 1255 1841 earum

171 1887 334 1979 exemplis
359 1888 542 1953 fabularum
569 1888 760 1968 ostendere,
794 1891 829 1954 in
855 1890 976 1980 quibus
999 1887 1087 1953 iilam
1115 1913 1256 1954 consue-

171 2003 321 2069 tudinem
348 2020 446 2093 poeta
472 2006 607 2069 onntino
633 2002 827 2093 neglexerit,
851 2003 1073 2082 Curculionis,
1102 1995 1257 2073 Cistella-

168 2119 255 2196 riae,
282 2117 432 2211 Epidici,
458 2117 705 2198 Mostellaria,
731 2119 863 2199 Militis,
888 2122 1031 2198 Persae,
1059 2119 1175 2187 Stichi.
1225 2120 1254 2187 E

170 2259 308 2325 quarum
335 2257 476 2300 numero
503 2234 611 2299 statim
636 2233 833 2300 eximendae
860 2233 1049 2302 Cistellaria
1083 2260 1157 2301 cum
1187 2235 1256 2301 Mi-

168 2346 236 2426 lite,
262 2348 384 2440 quibus
408 2372 476 2413 non
502 2350 574 2414 sine
598 2347 708 2441 aliqua
733 2351 863 2415 ratione
883 2349 1123 2416 Mostellariam
1148 2349 1254 2416 iunxit

168 2461 376 2528 Eiehstadius
410 2461 453 2527 de
487 2461 591 2528 dram.
621 2487 704 2529 eom.
741 2481 839 2556 satyr.
874 2489 906 2554 p.
939 2468 1024 2534 120:
1058 2466 1093 2530 in
1131 2465 1253 2557 quibus

165 2600 232 2642 non
257 2579 391 2643 omnino
410 2576 569 2669 neglexit,
596 2578 657 2644 sed
677 2596 756 2669 post
778 2582 982 2671 principium
995 2579 1145 2665 fabulae
1169 2603 1252 2670 pro-

101 2694 104 2708 *
165 2691 277 2783 logum
302 2691 459 2769 inducit,
492 2710 681 2760 ceterorum
713 2719 863 2785 magnae
888 2699 1105 2760 auctoritatis
1129 2710 1251 2785 poeta-

165 2832 239 2871 rum
264 2825 410 2872 veterum
436 2809 601 2900 exemplo,
640 2828 676 2875 ut
701 2811 744 2875 ait
769 2812 918 2877 Donatus
946 2807 1080 2901 praelat.
1107 2824 1188 2874 extr.
1215 2809 1250 2872 in

165 2926 303 2989 Terent..
334 2923 580 2991 Phormionem.
632 2925 757 2990 Contra
789 2923 968 2991 addendae
1003 2924 1114 3016 potius
1147 2947 1250 3015 quae·

165 3037 241 3105 dam
266 3037 406 3114 tabulae,
433 3064 572 3129 quarum
600 3057 690 3105 certe
715 3067 732 3104 a
758 3038 874 3108 Plauto
898 3039 1043 3132 proiecti
1067 3063 1140 3105 esse
1166 3061 1250 3129 pro-

164 3153 231 3247 logi
257 3170 437 3245 neqneunt.
454 3152 484 3237 *)
534 3156 609 3224 Nec
635 3179 713 3221 vero
738 3180 783 3221 ex
808 3160 849 3220 iis
874 3160 1014 3231 caussis,
1039 3180 1099 3220 cur
1110 3153 1249 3240 fabulis

164 3268 336 3335 interdum
358 3269 593 3378 praefandum
617 3295 689 3337 esse
709 3289 831 3362 poetae
849 3275 1017 3363 putarint,
1044 3285 1081 3335 ut
1103 3285 1163 3334 aut
1188 3293 1248 3334 ex·

164 3403 324 3450 cusarent
349 3411 422 3452 sese
448 3386 780 3462 connncndarentve‚
816 3403 877 3450 urst
899 3383 1143 3478 spectatoribus
1166 3408 1247 3476 per-

157 3503 290 3594 plexius
312 3519 550 3590 argurrterttum
574 3518 807 3593 exponerent,
843 3520 903 3568 aut
936 3502 1044 3594 plebis
1075 3525 1161 3592 erga
1193 3501 1246 3566 1ιί-

161 3623 308 3691 striones
335 3622 517 3694 iniuriam,
549 3618 700 3711 aliosque
727 3642 906 3710 perversos
931 3642 1042 3683 ratores
1067 3632 1246 3690 notarent,

161 3758 311 3827 quaeque
333 3735 450 3826 plnres
472 3738 622 3825 cogitari
642 3739 788 3827 possint,
806 3734 910 3801 ullam
925 3734 1038 3799 Rostio
1055 3757 1088 3824 p.
1102 3725 1245 3815 V(110)

162 3851 348 3915 verosimile
383 3867 434 3917 est
455 3849 576 3917 Plauti
603 3855 719 3916 animo
750 3854 786 3915 in
812 3850 877 3914 lzac
898 3847 1031 3934 fabula
1063 3844 1246 3912 scribenda

160 3964 374 4030 obversatam
387 3970 516 4051 fuisse.
562 3967 665 4058 Atqui
691 3966 756 4032 hoe
778 3988 876 4030 nemo
902 3987 970 4029 non
993 3961 1082 4029 videt
1107 3986 1245 4053 prorsus

156 4082 201 4147 ita
237 4099 463 4173 comparatum
497 4107 586 4162 esse,
620 4098 656 4146 nt
688 4103 758 4146 non
799 4079 925 4144 maiore
955 4078 1028 4143 inre
1061 4077 1246 4143 affirmetur

159 4221 257 4287 qnam
283 4215 432 4289 negetur.
483 4195 583 4265 Vnde
611 4196 699 4262 enim
725 4191 858 4260 tandem
884 4194 981 4260 istam
1003 4217 1092 4258 suam
1112 4193 1243 4260 nostias

157 4402 424 4415 ⁸*-
1215 4354 1228 4383 ὓ

208 4514 234 4580 ·)
261 4507 315 4559 Hoc
334 4524 415 4576 genus
435 4508 501 4560 Dies.
520 4508 556 4562 111
575 4510 705 4577 persecuti
724 4525 820 4560 suarius.
860 4506 1014 4559 travidensis
1032 4517 1101 4574 suot,
1127 4524 1193 4578 quae
1209 4507 1242 4560 de

261 4595 376 4663 prologis
395 4597 544 4648 comoediae
562 4596 659 4647 latinae
679 4597 805 4648 Badeoius
831 4597 857 4646 in
882 4594 963 4646 latinii
987 4596 1080 4651 Annal.
1099 4612 1159 4651 nov.
1177 4595 1241 4665 phil.

259 4691 286 4734 et
302 4682 376 4751 pred.
399 4683 488 4750 suppl.
508 4683 530 4748 1,
546 4698 572 4750 p.
590 4681 642 4734 tta
661 4699 718 4752 sqq.
740 4690 925 4736 commentatos
945 4691 993 4735 est.
