<?xml version="1.0" encoding="UTF-8"?>
<!DOCTYPE html PUBLIC "-//W3C//DTD XHTML 1.0 Transitional//EN"
    "http://www.w3.org/TR/xhtml1/DTD/xhtml1-transitional.dtd">
<html xmlns="http://www.w3.org/1999/xhtml" xml:lang="en" lang="en">
 <head>
  <title>
</title>
<meta http-equiv="Content-Type" content="text/html;charset=utf-8" />
  <meta name='ocr-system' content='tesseract 3.04.00' />
  <meta name='ocr-capabilities' content='ocr_page ocr_carea ocr_par ocr_line ocrx_word'/>
</head>
<body>
  <div class='ocr_page' id='page_1' title='image "./parergonplautin01ritsgoog_0097.png"; bbox 0 0 2820 5332; ppageno 0'>
   <div class='ocr_carea' id='block_1_1' title="bbox 311 663 320 690">
    <p class='ocr_par' dir='ltr' id='par_1_1' title="bbox 311 663 320 690">
     <span class='ocr_line' id='line_1_1' title="bbox 311 663 320 690; baseline 0 0"><span class='ocrx_word' id='word_1_1' title='bbox 311 663 320 690; x_wconf 84' lang='grc' dir='ltr'><strong><em>Ι</em></strong></span> 
     </span>
    </p>
   </div>
   <div class='ocr_carea' id='block_1_2' title="bbox 225 732 976 817">
    <p class='ocr_par' dir='ltr' id='par_1_2' title="bbox 225 732 976 817">
     <span class='ocr_line' id='line_1_2' title="bbox 225 732 976 817; baseline 0.004 -19"><span class='ocrx_word' id='word_1_2' title='bbox 225 732 275 803; x_wconf 82' lang='grc'>58</span> <span class='ocrx_word' id='word_1_3' title='bbox 560 758 592 799; x_wconf 91' lang='grc' dir='ltr'>ιι.</span> <span class='ocrx_word' id='word_1_4' title='bbox 623 758 667 799; x_wconf 79' lang='lat' dir='ltr'>uu</span> <span class='ocrx_word' id='word_1_5' title='bbox 691 755 820 817; x_wconf 72' lang='lat' dir='ltr'>tentae</span> <span class='ocrx_word' id='word_1_6' title='bbox 847 754 976 803; x_wconf 77' lang='grc' dir='ltr'><strong>ιιιιτι.</strong></span> 
     </span>
    </p>
   </div>
   <div class='ocr_carea' id='block_1_3' title="bbox 131 926 1373 2168">
    <p class='ocr_par' dir='ltr' id='par_1_3' title="bbox 131 926 1373 2168">
     <span class='ocr_line' id='line_1_3' title="bbox 225 926 1321 1026; baseline 0.005 -32"><span class='ocrx_word' id='word_1_7' title='bbox 225 943 287 994; x_wconf 84' lang='lat' dir='ltr'>ant</span> <span class='ocrx_word' id='word_1_8' title='bbox 310 927 479 996; x_wconf 75' lang='lat' dir='ltr'><em>Caecilius</em></span> <span class='ocrx_word' id='word_1_9' title='bbox 503 926 627 998; x_wconf 80' lang='lat' dir='ltr'><strong><em>Marco</em></strong></span> <span class='ocrx_word' id='word_1_10' title='bbox 655 930 785 996; x_wconf 82' lang='lat' dir='ltr'>Catoni</span> <span class='ocrx_word' id='word_1_11' title='bbox 808 931 1020 998; x_wconf 78' lang='lat' dir='ltr'><em>maledicere.</em></span> <span class='ocrx_word' id='word_1_12' title='bbox 1057 933 1095 998; x_wconf 90' lang='lat' dir='ltr'>In</span> <span class='ocrx_word' id='word_1_13' title='bbox 1111 932 1236 1026; x_wconf 81' lang='lat' dir='ltr'>quibus</span> <span class='ocrx_word' id='word_1_14' title='bbox 1257 934 1321 999; x_wconf 55' lang='lat' dir='ltr'>mi*</span> 
     </span>
     <span class='ocr_line' id='line_1_4' title="bbox 224 1044 1319 1141; baseline 0.003 -30"><span class='ocrx_word' id='word_1_15' title='bbox 224 1068 300 1111; x_wconf 83' lang='lat' dir='ltr'>rom</span> <span class='ocrx_word' id='word_1_16' title='bbox 325 1062 376 1111; x_wconf 87' lang='lat' dir='ltr'>est</span> <span class='ocrx_word' id='word_1_17' title='bbox 401 1044 443 1110; x_wconf 87' lang='lat' dir='ltr'>do</span> <span class='ocrx_word' id='word_1_18' title='bbox 470 1045 667 1110; x_wconf 79' lang='lat' dir='ltr'>Naeuioita</span> <span class='ocrx_word' id='word_1_19' title='bbox 695 1046 895 1112; x_wconf 75' lang='lat' dir='ltr'>Ciceronem</span> <span class='ocrx_word' id='word_1_20' title='bbox 919 1047 1035 1140; x_wconf 82' lang='lat' dir='ltr'>loqui,</span> <span class='ocrx_word' id='word_1_21' title='bbox 1070 1050 1164 1141; x_wconf 82' lang='lat' dir='ltr'>quasi</span> <span class='ocrx_word' id='word_1_22' title='bbox 1190 1050 1319 1141; x_wconf 78' lang='lat' dir='ltr'>princi-</span> 
     </span>
     <span class='ocr_line' id='line_1_5' title="bbox 224 1158 1319 1252; baseline 0.003 -28"><span class='ocrx_word' id='word_1_23' title='bbox 224 1160 395 1251; x_wconf 70' lang='lat' dir='ltr'>passinus</span> <span class='ocrx_word' id='word_1_24' title='bbox 423 1183 591 1251; x_wconf 82' lang='lat' dir='ltr'>nunqnam</span> <span class='ocrx_word' id='word_1_25' title='bbox 621 1162 647 1224; x_wconf 91' lang='lat' dir='ltr'>is</span> <span class='ocrx_word' id='word_1_26' title='bbox 673 1158 821 1240; x_wconf 75' lang='lat' dir='ltr'><strong>laeserit,</strong></span> <span class='ocrx_word' id='word_1_27' title='bbox 851 1186 953 1252; x_wconf 83' lang='lat' dir='ltr'>quem</span> <span class='ocrx_word' id='word_1_28' title='bbox 981 1162 1024 1227; x_wconf 82' lang='lat' dir='ltr'>ob</span> <span class='ocrx_word' id='word_1_29' title='bbox 1049 1163 1319 1229; x_wconf 64' lang='lat' dir='ltr'>assiduamono-</span> 
     </span>
     <span class='ocr_line' id='line_1_6' title="bbox 225 1272 1373 1364; baseline 0.003 -27"><span class='ocrx_word' id='word_1_30' title='bbox 225 1272 443 1338; x_wconf 83' lang='lat' dir='ltr'>ledieeutiom</span> <span class='ocrx_word' id='word_1_31' title='bbox 466 1289 501 1338; x_wconf 86' lang='lat' dir='ltr'>et</span> <span class='ocrx_word' id='word_1_32' title='bbox 522 1272 651 1363; x_wconf 76' lang='lat' dir='ltr'>probru</span> <span class='ocrx_word' id='word_1_33' title='bbox 676 1277 713 1338; x_wconf 84' lang='grc' dir='ltr'>ιἰι</span> <span class='ocrx_word' id='word_1_34' title='bbox 736 1279 910 1364; x_wconf 74' lang='lat' dir='ltr'><em>principes</em></span> <span class='ocrx_word' id='word_1_35' title='bbox 943 1279 1092 1342; x_wconf 80' lang='lat' dir='ltr'>civitatis</span> <span class='ocrx_word' id='word_1_36' title='bbox 1129 1275 1173 1341; x_wconf 83' lang='lat' dir='ltr'>de</span> <span class='ocrx_word' id='word_1_37' title='bbox 1200 1275 1319 1343; x_wconf 81' lang='lat' dir='ltr'>Graa-</span> <span class='ocrx_word' id='word_1_38' title='bbox 1368 1274 1373 1280; x_wconf 78' lang='grc'><strong>’</strong></span> 
     </span>
     <span class='ocr_line' id='line_1_7' title="bbox 194 1387 1316 1477; baseline 0.003 -26"><span class='ocrx_word' id='word_1_39' title='bbox 194 1412 198 1422; x_wconf 87' lang='grc'>·</span> <span class='ocrx_word' id='word_1_40' title='bbox 224 1410 339 1452; x_wconf 84' lang='lat' dir='ltr'>eornm</span> <span class='ocrx_word' id='word_1_41' title='bbox 359 1404 539 1477; x_wconf 82' lang='lat' dir='ltr'>poetarum</span> <span class='ocrx_word' id='word_1_42' title='bbox 564 1410 659 1452; x_wconf 77' lang='lat' dir='ltr'>more</span> <span class='ocrx_word' id='word_1_43' title='bbox 682 1387 778 1453; x_wconf 74' lang='lat' dir='ltr'>«liceo</span> <span class='ocrx_word' id='word_1_44' title='bbox 804 1393 841 1453; x_wconf 83' lang='lat' dir='ltr'>in</span> <span class='ocrx_word' id='word_1_45' title='bbox 864 1389 998 1453; x_wconf 77' lang='lat' dir='ltr'>vinceda</span> <span class='ocrx_word' id='word_1_46' title='bbox 1011 1389 1142 1456; x_wconf 77' lang='lat' dir='ltr'>Romae</span> <span class='ocrx_word' id='word_1_47' title='bbox 1158 1413 1181 1454; x_wconf 87' lang='lat' dir='ltr'>a</span> <span class='ocrx_word' id='word_1_48' title='bbox 1194 1394 1316 1455; x_wconf 82' lang='lat' dir='ltr'>trium-</span> 
     </span>
     <span class='ocr_line' id='line_1_8' title="bbox 227 1492 1318 1597; baseline 0.003 -30"><span class='ocrx_word' id='word_1_49' title='bbox 227 1505 308 1567; x_wconf 66' lang='lat' dir='ltr'>viris</span> <span class='ocrx_word' id='word_1_50' title='bbox 331 1505 521 1572; x_wconf 85' lang='lat' dir='ltr'>coniectum</span> <span class='ocrx_word' id='word_1_51' title='bbox 547 1492 677 1568; x_wconf 82' lang='lat' dir='ltr'>Gellius</span> <span class='ocrx_word' id='word_1_52' title='bbox 704 1502 770 1582; x_wconf 89' lang='lat' dir='ltr'>III,</span> <span class='ocrx_word' id='word_1_53' title='bbox 797 1505 819 1571; x_wconf 81' lang='grc'>3</span> <span class='ocrx_word' id='word_1_54' title='bbox 845 1520 976 1583; x_wconf 72' lang='lat' dir='ltr'>namet,</span> <span class='ocrx_word' id='word_1_55' title='bbox 1003 1504 1038 1568; x_wconf 90' lang='lat' dir='ltr'>in</span> <span class='ocrx_word' id='word_1_56' title='bbox 1063 1506 1098 1570; x_wconf 87' lang='lat' dir='ltr'>P.</span> <span class='ocrx_word' id='word_1_57' title='bbox 1124 1506 1318 1597; x_wconf 76' lang='lat' dir='ltr'><strong>Scipionem</strong></span> 
     </span>
     <span class='ocr_line' id='line_1_9' title="bbox 222 1616 1316 1709; baseline 0.002 -27"><span class='ocrx_word' id='word_1_58' title='bbox 222 1616 417 1683; x_wconf 73' lang='lat' dir='ltr'>Africanum</span> <span class='ocrx_word' id='word_1_59' title='bbox 443 1619 609 1684; x_wconf 81' lang='lat' dir='ltr'>invectum</span> <span class='ocrx_word' id='word_1_60' title='bbox 634 1642 706 1682; x_wconf 87' lang='lat' dir='ltr'>esso</span> <span class='ocrx_word' id='word_1_61' title='bbox 730 1616 821 1682; x_wconf 86' lang='lat' dir='ltr'>idem</span> <span class='ocrx_word' id='word_1_62' title='bbox 844 1617 971 1709; x_wconf 79' lang='lat' dir='ltr'>prodat</span> <span class='ocrx_word' id='word_1_63' title='bbox 995 1620 1086 1698; x_wconf 88' lang='lat' dir='ltr'>VIII,</span> <span class='ocrx_word' id='word_1_64' title='bbox 1113 1621 1147 1700; x_wconf 86' lang='grc'>6,</span> <span class='ocrx_word' id='word_1_65' title='bbox 1176 1621 1256 1685; x_wconf 86' lang='lat' dir='ltr'>item</span> <span class='ocrx_word' id='word_1_66' title='bbox 1281 1621 1316 1684; x_wconf 86' lang='lat' dir='ltr'>In</span> 
     </span>
     <span class='ocr_line' id='line_1_10' title="bbox 220 1729 1315 1824; baseline 0.009 -28"><span class='ocrx_word' id='word_1_67' title='bbox 220 1729 377 1798; x_wconf 87' lang='lat' dir='ltr'>Metellos</span> <span class='ocrx_word' id='word_1_68' title='bbox 416 1734 474 1824; x_wconf 90' lang='lat' dir='ltr'>qui</span> <span class='ocrx_word' id='word_1_69' title='bbox 508 1733 617 1797; x_wconf 75' lang='lat' dir='ltr'>fertur</span> <span class='ocrx_word' id='word_1_70' title='bbox 648 1732 812 1799; x_wconf 79' lang='lat' dir='ltr'>Asconius</span> <span class='ocrx_word' id='word_1_71' title='bbox 852 1734 886 1798; x_wconf 90' lang='lat' dir='ltr'>in</span> <span class='ocrx_word' id='word_1_72' title='bbox 918 1733 989 1800; x_wconf 83' lang='lat' dir='ltr'><strong>cic.</strong></span> <span class='ocrx_word' id='word_1_73' title='bbox 1019 1736 1157 1801; x_wconf 71' lang='lat' dir='ltr'>Van-in.</span> <span class='ocrx_word' id='word_1_74' title='bbox 1197 1751 1258 1802; x_wconf 85' lang='lat' dir='ltr'>aet.</span> <span class='ocrx_word' id='word_1_75' title='bbox 1289 1735 1315 1805; x_wconf 87' lang='lat' dir='ltr'>I.</span> 
     </span>
     <span class='ocr_line' id='line_1_11' title="bbox 131 1844 1316 1939; baseline 0.005 -29"><span class='ocrx_word' id='word_1_76' title='bbox 131 1935 134 1939; x_wconf 13' lang='grc' dir='ltr'>ι</span> <span class='ocrx_word' id='word_1_77' title='bbox 222 1870 251 1910; x_wconf 84' lang='lat' dir='ltr'>c.</span> <span class='ocrx_word' id='word_1_78' title='bbox 281 1846 325 1914; x_wconf 89' lang='lat'>10</span> <span class='ocrx_word' id='word_1_79' title='bbox 351 1871 427 1911; x_wconf 86' lang='lat' dir='ltr'>eum</span> <span class='ocrx_word' id='word_1_80' title='bbox 450 1844 649 1938; x_wconf 81' lang='lat' dir='ltr'><strong>pedisequis</strong></span> <span class='ocrx_word' id='word_1_81' title='bbox 675 1847 905 1937; x_wconf 70' lang='lat' dir='ltr'><strong>grammaticis.</strong></span> <span class='ocrx_word' id='word_1_82' title='bbox 955 1846 1027 1916; x_wconf 86' lang='lat' dir='ltr'>Nee</span> <span class='ocrx_word' id='word_1_83' title='bbox 1054 1847 1134 1915; x_wconf 78' lang='lat' dir='ltr'>licet</span> <span class='ocrx_word' id='word_1_84' title='bbox 1159 1851 1201 1916; x_wconf 84' lang='lat' dir='ltr'>ita</span> <span class='ocrx_word' id='word_1_85' title='bbox 1230 1851 1316 1916; x_wconf 84' lang='lat' dir='ltr'>hanc</span> 
     </span>
     <span class='ocr_line' id='line_1_12' title="bbox 221 1957 1315 2052; baseline 0.002 -28"><span class='ocrx_word' id='word_1_86' title='bbox 221 1957 481 2051; x_wconf 77' lang='lat' dir='ltr'>discrepantiam</span> <span class='ocrx_word' id='word_1_87' title='bbox 507 1958 689 2052; x_wconf 80' lang='lat' dir='ltr'>expedit-e,</span> <span class='ocrx_word' id='word_1_88' title='bbox 723 1978 758 2026; x_wconf 86' lang='lat' dir='ltr'>ut</span> <span class='ocrx_word' id='word_1_89' title='bbox 783 1959 826 2025; x_wconf 89' lang='lat' dir='ltr'>de</span> <span class='ocrx_word' id='word_1_90' title='bbox 854 1959 974 2026; x_wconf 85' lang='lat' dir='ltr'>sabulis</span> <span class='ocrx_word' id='word_1_91' title='bbox 1002 1979 1126 2027; x_wconf 84' lang='lat' dir='ltr'>tantum</span> <span class='ocrx_word' id='word_1_92' title='bbox 1153 1964 1189 2026; x_wconf 90' lang='lat' dir='ltr'>in</span> <span class='ocrx_word' id='word_1_93' title='bbox 1214 1988 1315 2029; x_wconf 86' lang='lat' dir='ltr'>scena</span> 
     </span>
     <span class='ocr_line' id='line_1_13' title="bbox 221 2074 1316 2168; baseline 0.002 -29"><span class='ocrx_word' id='word_1_94' title='bbox 221 2075 302 2140; x_wconf 86' lang='lat' dir='ltr'>actis</span> <span class='ocrx_word' id='word_1_95' title='bbox 329 2074 453 2141; x_wconf 81' lang='lat' dir='ltr'>Cicero</span> <span class='ocrx_word' id='word_1_96' title='bbox 481 2076 642 2166; x_wconf 82' lang='lat' dir='ltr'>cogitauit,</span> <span class='ocrx_word' id='word_1_97' title='bbox 670 2074 758 2142; x_wconf 81' lang='lat' dir='ltr'>dicte</span> <span class='ocrx_word' id='word_1_98' title='bbox 785 2093 893 2141; x_wconf 85' lang='lat' dir='ltr'>autem</span> <span class='ocrx_word' id='word_1_99' title='bbox 918 2076 953 2138; x_wconf 90' lang='lat' dir='ltr'>in</span> <span class='ocrx_word' id='word_1_100' title='bbox 980 2075 1174 2168; x_wconf 89' lang='lat' dir='ltr'>Scipionem</span> <span class='ocrx_word' id='word_1_101' title='bbox 1199 2079 1316 2143; x_wconf 85' lang='lat' dir='ltr'>etMe-</span> 
     </span>
    </p>
   </div>
   <div class='ocr_carea' id='block_1_4' title="bbox 222 2186 1312 2283">
    <p class='ocr_par' dir='ltr' id='par_1_4' title="bbox 222 2186 1312 2283">
     <span class='ocr_line' id='line_1_14' title="bbox 222 2186 1312 2283; baseline -0.001 -29"><span class='ocrx_word' id='word_1_102' title='bbox 222 2187 322 2256; x_wconf 84' lang='lat' dir='ltr'>tellos</span> <span class='ocrx_word' id='word_1_103' title='bbox 347 2191 496 2283; x_wconf 78' lang='lat' dir='ltr'>convicia</span> <span class='ocrx_word' id='word_1_104' title='bbox 515 2188 557 2254; x_wconf 78' lang='lat' dir='ltr'>ml</span> <span class='ocrx_word' id='word_1_105' title='bbox 571 2186 700 2257; x_wconf 84' lang='lat' dir='ltr'>Bellum</span> <span class='ocrx_word' id='word_1_106' title='bbox 714 2190 875 2256; x_wconf 85' lang='lat' dir='ltr'>Punicum</span> <span class='ocrx_word' id='word_1_107' title='bbox 900 2189 1105 2255; x_wconf 79' lang='lat' dir='ltr'>reserantur:</span> <span class='ocrx_word' id='word_1_108' title='bbox 1132 2190 1196 2256; x_wconf 86' lang='lat' dir='ltr'>hoc</span> <span class='ocrx_word' id='word_1_109' title='bbox 1213 2191 1312 2271; x_wconf 73' lang='lat' dir='ltr'>cutim,</span> 
     </span>
    </p>
   </div>
   <div class='ocr_carea' id='block_1_5' title="bbox 189 2301 1316 4342">
    <p class='ocr_par' dir='ltr' id='par_1_5' title="bbox 189 2301 1316 4342">
     <span class='ocr_line' id='line_1_15' title="bbox 221 2301 1315 2395; baseline 0.002 -27"><span class='ocrx_word' id='word_1_110' title='bbox 221 2301 315 2395; x_wconf 85' lang='lat' dir='ltr'>quod</span> <span class='ocrx_word' id='word_1_111' title='bbox 339 2321 523 2369; x_wconf 81' lang='lat' dir='ltr'>extremum</span> <span class='ocrx_word' id='word_1_112' title='bbox 548 2304 663 2395; x_wconf 84' lang='lat' dir='ltr'>posui,</span> <span class='ocrx_word' id='word_1_113' title='bbox 696 2305 758 2371; x_wconf 87' lang='lat' dir='ltr'>etsi</span> <span class='ocrx_word' id='word_1_114' title='bbox 791 2306 840 2370; x_wconf 88' lang='lat' dir='ltr'>sie</span> <span class='ocrx_word' id='word_1_115' title='bbox 871 2328 951 2370; x_wconf 85' lang='lat' dir='ltr'>sane</span> <span class='ocrx_word' id='word_1_116' title='bbox 983 2328 1018 2370; x_wconf 86' lang='lat' dir='ltr'>se</span> <span class='ocrx_word' id='word_1_117' title='bbox 1044 2305 1171 2371; x_wconf 78' lang='lat' dir='ltr'>habete</span> <span class='ocrx_word' id='word_1_118' title='bbox 1193 2307 1315 2372; x_wconf 69' lang='lat' dir='ltr'>Ruteni</span> 
     </span>
     <span class='ocr_line' id='line_1_16' title="bbox 220 2414 1314 2511; baseline 0.008 -30"><span class='ocrx_word' id='word_1_119' title='bbox 220 2414 391 2510; x_wconf 78' lang='lat' dir='ltr'>diligentia</span> <span class='ocrx_word' id='word_1_120' title='bbox 418 2416 533 2485; x_wconf 84' lang='lat' dir='ltr'>docuit</span> <span class='ocrx_word' id='word_1_121' title='bbox 559 2421 593 2482; x_wconf 87' lang='lat' dir='ltr'>in</span> <span class='ocrx_word' id='word_1_122' title='bbox 617 2420 708 2484; x_wconf 82' lang='lat' dir='ltr'>Dian.</span> <span class='ocrx_word' id='word_1_123' title='bbox 735 2419 837 2511; x_wconf 86' lang='lat' dir='ltr'>antiq.</span> <span class='ocrx_word' id='word_1_124' title='bbox 865 2417 950 2484; x_wconf 89' lang='lat' dir='ltr'>stud.</span> <span class='ocrx_word' id='word_1_125' title='bbox 984 2445 1013 2484; x_wconf 86' lang='lat' dir='ltr'>a.</span> <span class='ocrx_word' id='word_1_126' title='bbox 1049 2416 1139 2490; x_wconf 75' lang='lat'>1841</span> <span class='ocrx_word' id='word_1_127' title='bbox 1181 2445 1215 2511; x_wconf 79' lang='lat' dir='ltr'>p.</span> <span class='ocrx_word' id='word_1_128' title='bbox 1241 2420 1314 2490; x_wconf 73' lang='lat'>3‘29</span> 
     </span>
     <span class='ocr_line' id='line_1_17' title="bbox 218 2529 1309 2625; baseline 0.003 -30"><span class='ocrx_word' id='word_1_129' title='bbox 218 2529 341 2622; x_wconf 82' lang='lat' dir='ltr'>sqq.*),</span> <span class='ocrx_word' id='word_1_130' title='bbox 369 2547 477 2597; x_wconf 86' lang='lat' dir='ltr'>tamen</span> <span class='ocrx_word' id='word_1_131' title='bbox 490 2552 679 2625; x_wconf 84' lang='lat' dir='ltr'>repugnant</span> <span class='ocrx_word' id='word_1_132' title='bbox 689 2532 792 2601; x_wconf 82' lang='lat' dir='ltr'>Gellii</span> <span class='ocrx_word' id='word_1_133' title='bbox 817 2534 918 2599; x_wconf 77' lang='lat' dir='ltr'>verba</span> <span class='ocrx_word' id='word_1_134' title='bbox 931 2531 975 2598; x_wconf 74' lang='lat' dir='ltr'>(le</span> <span class='ocrx_word' id='word_1_135' title='bbox 993 2530 1208 2601; x_wconf 84' lang='lat' dir='ltr'>Graecorum</span> <span class='ocrx_word' id='word_1_136' title='bbox 1226 2557 1309 2625; x_wconf 84' lang='lat' dir='ltr'>poe-</span> 
     </span>
     <span class='ocr_line' id='line_1_18' title="bbox 220 2646 1312 2740; baseline -0.002 -26"><span class='ocrx_word' id='word_1_137' title='bbox 220 2664 334 2714; x_wconf 78' lang='lat' dir='ltr'>tarum</span> <span class='ocrx_word' id='word_1_138' title='bbox 359 2670 466 2721; x_wconf 86' lang='lat' dir='ltr'>more,</span> <span class='ocrx_word' id='word_1_139' title='bbox 493 2672 578 2739; x_wconf 87' lang='lat' dir='ltr'>quae</span> <span class='ocrx_word' id='word_1_140' title='bbox 606 2646 647 2712; x_wconf 82' lang='lat' dir='ltr'>ad</span> <span class='ocrx_word' id='word_1_141' title='bbox 675 2649 779 2740; x_wconf 82' lang='lat' dir='ltr'>ipsam</span> <span class='ocrx_word' id='word_1_142' title='bbox 807 2672 943 2713; x_wconf 86' lang='lat' dir='ltr'>scenam</span> <span class='ocrx_word' id='word_1_143' title='bbox 978 2666 1134 2739; x_wconf 82' lang='lat' dir='ltr'>spectare</span> <span class='ocrx_word' id='word_1_144' title='bbox 1160 2648 1312 2740; x_wconf 78' lang='lat' dir='ltr'>apertum</span> 
     </span>
     <span class='ocr_line' id='line_1_19' title="bbox 219 2740 1313 2854; baseline -0.003 -26"><span class='ocrx_word' id='word_1_145' title='bbox 219 2779 277 2828; x_wconf 82' lang='lat' dir='ltr'>est.</span> <span class='ocrx_word' id='word_1_146' title='bbox 330 2740 397 2826; x_wconf 74' lang='lat' dir='ltr'>sed</span> <span class='ocrx_word' id='word_1_147' title='bbox 438 2760 482 2827; x_wconf 88' lang='lat' dir='ltr'>de</span> <span class='ocrx_word' id='word_1_148' title='bbox 522 2761 588 2828; x_wconf 89' lang='lat' dir='ltr'>hoc</span> <span class='ocrx_word' id='word_1_149' title='bbox 630 2759 937 2854; x_wconf 85' lang='lat' dir='ltr'>quomodocunque</span> <span class='ocrx_word' id='word_1_150' title='bbox 971 2761 1204 2852; x_wconf 49' lang='lat' dir='ltr'>iudicabitur„</span> <span class='ocrx_word' id='word_1_151' title='bbox 1225 2760 1313 2827; x_wconf 79' lang='lat' dir='ltr'>illud</span> 
     </span>
     <span class='ocr_line' id='line_1_20' title="bbox 189 2870 1313 2979; baseline 0 -38"><span class='ocrx_word' id='word_1_152' title='bbox 189 2870 195 2879; x_wconf 61' lang='grc'><em>’</em></span> <span class='ocrx_word' id='word_1_153' title='bbox 218 2875 364 2942; x_wconf 82' lang='lat' dir='ltr'>dubitari</span> <span class='ocrx_word' id='word_1_154' title='bbox 379 2877 509 2969; x_wconf 86' lang='lat' dir='ltr'>nequit,</span> <span class='ocrx_word' id='word_1_155' title='bbox 535 2878 617 2979; x_wconf 79' lang='lat' dir='ltr'>quin</span> <span class='ocrx_word' id='word_1_156' title='bbox 639 2877 727 2943; x_wconf 84' lang='lat' dir='ltr'>iuter</span> <span class='ocrx_word' id='word_1_157' title='bbox 747 2900 782 2941; x_wconf 88' lang='lat' dir='ltr'>se</span> <span class='ocrx_word' id='word_1_158' title='bbox 800 2875 958 2968; x_wconf 81' lang='lat' dir='ltr'>aequales</span> <span class='ocrx_word' id='word_1_159' title='bbox 973 2876 1130 2942; x_wconf 88' lang='lat' dir='ltr'>Publium</span> <span class='ocrx_word' id='word_1_160' title='bbox 1145 2879 1313 2944; x_wconf 86' lang='lat' dir='ltr'>Gnaeum-</span> 
     </span>
     <span class='ocr_line' id='line_1_21' title="bbox 218 2989 1313 3085; baseline -0.001 -29"><span class='ocrx_word' id='word_1_161' title='bbox 218 3016 285 3085; x_wconf 81' lang='lat' dir='ltr'>que</span> <span class='ocrx_word' id='word_1_162' title='bbox 312 2991 487 3083; x_wconf 87' lang='lat' dir='ltr'>Scipi0nes</span> <span class='ocrx_word' id='word_1_163' title='bbox 511 3010 544 3057; x_wconf 91' lang='lat' dir='ltr'>et</span> <span class='ocrx_word' id='word_1_164' title='bbox 566 2990 718 3058; x_wconf 87' lang='lat' dir='ltr'>Plautum</span> <span class='ocrx_word' id='word_1_165' title='bbox 734 2992 974 3081; x_wconf 86' lang='lat' dir='ltr'>Naeviumque,</span> <span class='ocrx_word' id='word_1_166' title='bbox 992 3014 1106 3056; x_wconf 81' lang='lat' dir='ltr'>rursus</span> <span class='ocrx_word' id='word_1_167' title='bbox 1123 3008 1232 3056; x_wconf 87' lang='lat' dir='ltr'>autem</span> <span class='ocrx_word' id='word_1_168' title='bbox 1248 2989 1313 3055; x_wconf 85' lang='lat' dir='ltr'>Ca-</span> 
     </span>
     <span class='ocr_line' id='line_1_22' title="bbox 216 3102 1314 3196; baseline -0.005 -25"><span class='ocrx_word' id='word_1_169' title='bbox 216 3122 332 3171; x_wconf 85' lang='lat' dir='ltr'>tonem</span> <span class='ocrx_word' id='word_1_170' title='bbox 359 3122 392 3170; x_wconf 88' lang='lat' dir='ltr'>et</span> <span class='ocrx_word' id='word_1_171' title='bbox 418 3104 600 3172; x_wconf 86' lang='lat' dir='ltr'>Caecilium</span> <span class='ocrx_word' id='word_1_172' title='bbox 627 3107 749 3171; x_wconf 85' lang='lat' dir='ltr'>Cicero</span> <span class='ocrx_word' id='word_1_173' title='bbox 778 3105 936 3196; x_wconf 77' lang='lat' dir='ltr'>cogitauit.</span> <span class='ocrx_word' id='word_1_174' title='bbox 988 3106 1030 3170; x_wconf 85' lang='lat' dir='ltr'>Et</span> <span class='ocrx_word' id='word_1_175' title='bbox 1063 3105 1140 3170; x_wconf 87' lang='lat' dir='ltr'>hoc</span> <span class='ocrx_word' id='word_1_176' title='bbox 1172 3102 1314 3194; x_wconf 83' lang='lat' dir='ltr'>quidem</span> 
     </span>
     <span class='ocr_line' id='line_1_23' title="bbox 217 3207 1313 3312; baseline -0.006 -26"><span class='ocrx_word' id='word_1_177' title='bbox 217 3207 500 3288; x_wconf 60' lang='lat' dir='ltr'>ille&#39;veuissime:</span> <span class='ocrx_word' id='word_1_178' title='bbox 534 3244 611 3284; x_wconf 90' lang='lat' dir='ltr'>nam</span> <span class='ocrx_word' id='word_1_179' title='bbox 641 3220 793 3312; x_wconf 84' lang='lat' dir='ltr'>quintum</span> <span class='ocrx_word' id='word_1_180' title='bbox 824 3218 897 3283; x_wconf 83' lang='lat' dir='ltr'>seue</span> <span class='ocrx_word' id='word_1_181' title='bbox 932 3236 966 3284; x_wconf 84' lang='lat' dir='ltr'>et</span> <span class='ocrx_word' id='word_1_182' title='bbox 997 3217 1313 3311; x_wconf 86' lang='lat' dir='ltr'>quinquagesimum</span> 
     </span>
     <span class='ocr_line' id='line_1_24' title="bbox 214 3333 1313 3432; baseline -0.005 -31"><span class='ocrx_word' id='word_1_183' title='bbox 214 3360 344 3432; x_wconf 23' lang='lat' dir='ltr'>&#39;annum&#39;</span> <span class='ocrx_word' id='word_1_184' title='bbox 378 3335 499 3427; x_wconf 84' lang='lat' dir='ltr'>agebat</span> <span class='ocrx_word' id='word_1_185' title='bbox 532 3351 567 3399; x_wconf 90' lang='lat' dir='ltr'>et</span> <span class='ocrx_word' id='word_1_186' title='bbox 600 3335 665 3398; x_wconf 87' lang='lat' dir='ltr'>iam</span> <span class='ocrx_word' id='word_1_187' title='bbox 692 3335 822 3399; x_wconf 82' lang='lat' dir='ltr'>iunctus</span> <span class='ocrx_word' id='word_1_188' title='bbox 850 3358 988 3401; x_wconf 77' lang='lat' dir='ltr'>censura</span> <span class='ocrx_word' id='word_1_189' title='bbox 1014 3333 1097 3399; x_wconf 82' lang='lat' dir='ltr'>Cato</span> <span class='ocrx_word' id='word_1_190' title='bbox 1123 3349 1217 3411; x_wconf 79' lang='lat' dir='ltr'>erat,</span> <span class='ocrx_word' id='word_1_191' title='bbox 1245 3355 1313 3423; x_wconf 90' lang='lat' dir='ltr'>quo</span> 
     </span>
     <span class='ocr_line' id='line_1_25' title="bbox 217 3445 1311 3542; baseline -0.005 -26"><span class='ocrx_word' id='word_1_192' title='bbox 217 3450 370 3542; x_wconf 76' lang='lat' dir='ltr'>tompore</span> <span class='ocrx_word' id='word_1_193' title='bbox 403 3449 554 3516; x_wconf 84' lang='lat' dir='ltr'>floruisse</span> <span class='ocrx_word' id='word_1_194' title='bbox 592 3448 775 3515; x_wconf 85' lang='lat' dir='ltr'>Caecilium</span> <span class='ocrx_word' id='word_1_195' title='bbox 816 3449 1039 3541; x_wconf 81' lang='lat' dir='ltr'>Hieronymus</span> <span class='ocrx_word' id='word_1_196' title='bbox 1072 3463 1229 3525; x_wconf 84' lang='lat' dir='ltr'>testatur,</span> <span class='ocrx_word' id='word_1_197' title='bbox 1267 3445 1311 3512; x_wconf 90' lang='lat' dir='ltr'>ol.</span> 
     </span>
     <span class='ocr_line' id='line_1_26' title="bbox 220 3561 1313 3655; baseline -0.005 -24"><span class='ocrx_word' id='word_1_198' title='bbox 220 3564 837 3643; x_wconf 72' lang='lat' dir='ltr'>150‚2h.e.circaannnn1575.</span> <span class='ocrx_word' id='word_1_199' title='bbox 888 3563 960 3630; x_wconf 87' lang='lat' dir='ltr'>Nee</span> <span class='ocrx_word' id='word_1_200' title='bbox 986 3578 1175 3655; x_wconf 81' lang='lat' dir='ltr'>repugnat,</span> <span class='ocrx_word' id='word_1_201' title='bbox 1219 3561 1313 3653; x_wconf 84' lang='lat' dir='ltr'>quod</span> 
     </span>
     <span class='ocr_line' id='line_1_27' title="bbox 217 3674 1314 3773; baseline -0.004 -28"><span class='ocrx_word' id='word_1_202' title='bbox 217 3676 378 3773; x_wconf 81' lang='lat' dir='ltr'>aequales</span> <span class='ocrx_word' id='word_1_203' title='bbox 412 3680 501 3744; x_wconf 73' lang='lat' dir='ltr'>Brut.</span> <span class='ocrx_word' id='word_1_204' title='bbox 537 3704 564 3744; x_wconf 86' lang='lat' dir='ltr'>c.</span> <span class='ocrx_word' id='word_1_205' title='bbox 590 3679 749 3756; x_wconf 85' lang='lat' dir='ltr'>LXXIV,</span> <span class='ocrx_word' id='word_1_206' title='bbox 788 3681 861 3748; x_wconf 73' lang='lat'>‘258</span> <span class='ocrx_word' id='word_1_207' title='bbox 897 3676 1055 3743; x_wconf 83' lang='lat' dir='ltr'>dicuntur</span> <span class='ocrx_word' id='word_1_208' title='bbox 1088 3674 1254 3743; x_wconf 80' lang='lat' dir='ltr'>Caecilius</span> <span class='ocrx_word' id='word_1_209' title='bbox 1281 3695 1314 3742; x_wconf 86' lang='lat' dir='ltr'>et</span> 
     </span>
     <span class='ocr_line' id='line_1_28' title="bbox 217 3788 1313 3884; baseline -0.004 -25"><span class='ocrx_word' id='word_1_210' title='bbox 217 3793 398 3873; x_wconf 77' lang='lat' dir='ltr'>Paetivius,</span> <span class='ocrx_word' id='word_1_211' title='bbox 434 3795 491 3884; x_wconf 89' lang='lat' dir='ltr'>qui</span> <span class='ocrx_word' id='word_1_212' title='bbox 524 3794 567 3857; x_wconf 84' lang='lat' dir='ltr'>ab</span> <span class='ocrx_word' id='word_1_213' title='bbox 603 3819 633 3858; x_wconf 87' lang='lat' dir='ltr'>a.</span> <span class='ocrx_word' id='word_1_214' title='bbox 666 3794 737 3861; x_wconf 85' lang='lat'>533</span> <span class='ocrx_word' id='word_1_215' title='bbox 772 3791 815 3858; x_wconf 87' lang='lat' dir='ltr'>ad</span> <span class='ocrx_word' id='word_1_216' title='bbox 840 3788 913 3862; x_wconf 72' lang='lat'>624</span> <span class='ocrx_word' id='word_1_217' title='bbox 948 3792 1082 3859; x_wconf 82' lang='lat' dir='ltr'>vixerit:</span> <span class='ocrx_word' id='word_1_218' title='bbox 1117 3815 1195 3856; x_wconf 85' lang='lat' dir='ltr'>nam</span> <span class='ocrx_word' id='word_1_219' title='bbox 1221 3790 1313 3882; x_wconf 85' lang='lat' dir='ltr'>quod</span> 
     </span>
     <span class='ocr_line' id='line_1_29' title="bbox 223 3906 1316 3989; baseline -0.005 -17"><span class='ocrx_word' id='word_1_220' title='bbox 223 3907 355 3974; x_wconf 88' lang='lat' dir='ltr'>Gellius</span> <span class='ocrx_word' id='word_1_221' title='bbox 380 3907 498 3989; x_wconf 84' lang='lat' dir='ltr'>XVII,</span> <span class='ocrx_word' id='word_1_222' title='bbox 534 3911 576 3977; x_wconf 74' lang='lat'>21</span> <span class='ocrx_word' id='word_1_223' title='bbox 614 3925 697 3973; x_wconf 86' lang='lat' dir='ltr'>extr.</span> <span class='ocrx_word' id='word_1_224' title='bbox 729 3909 864 3974; x_wconf 85' lang='lat' dir='ltr'>Ennius</span> <span class='ocrx_word' id='word_1_225' title='bbox 897 3908 942 3972; x_wconf 89' lang='lat' dir='ltr'>ait</span> <span class='ocrx_word' id='word_1_226' title='bbox 969 3921 1004 3971; x_wconf 77' lang='lat' dir='ltr'>et</span> <span class='ocrx_word' id='word_1_227' title='bbox 1026 3911 1125 3971; x_wconf 81' lang='lat' dir='ltr'>iuxta</span> <span class='ocrx_word' id='word_1_228' title='bbox 1147 3906 1316 3973; x_wconf 83' lang='lat' dir='ltr'>Caecilius</span> 
     </span>
     <span class='ocr_line' id='line_1_30' title="bbox 221 4018 1314 4112; baseline -0.005 -25"><span class='ocrx_word' id='word_1_229' title='bbox 221 4037 257 4087; x_wconf 81' lang='lat' dir='ltr'>et</span> <span class='ocrx_word' id='word_1_230' title='bbox 279 4023 474 4098; x_wconf 83' lang='lat' dir='ltr'>Terentius,</span> <span class='ocrx_word' id='word_1_231' title='bbox 500 4047 541 4088; x_wconf 86' lang='lat' dir='ltr'>ac</span> <span class='ocrx_word' id='word_1_232' title='bbox 565 4020 755 4089; x_wconf 73' lang='lat' dir='ltr'>eutlinde</span> <span class='ocrx_word' id='word_1_233' title='bbox 780 4019 970 4101; x_wconf 77' lang='lat' dir='ltr'>Pacuvius,</span> <span class='ocrx_word' id='word_1_234' title='bbox 1004 4019 1107 4088; x_wconf 88' lang='lat' dir='ltr'>finem</span> <span class='ocrx_word' id='word_1_235' title='bbox 1129 4020 1241 4112; x_wconf 89' lang='lat' dir='ltr'>potius</span> <span class='ocrx_word' id='word_1_236' title='bbox 1266 4018 1314 4082; x_wconf 89' lang='lat' dir='ltr'>vi-</span> 
     </span>
     <span class='ocr_line' id='line_1_31' title="bbox 218 4135 1313 4231; baseline -0.005 -28"><span class='ocrx_word' id='word_1_237' title='bbox 218 4155 270 4203; x_wconf 83' lang='lat' dir='ltr'>tae</span> <span class='ocrx_word' id='word_1_238' title='bbox 297 4164 397 4231; x_wconf 87' lang='lat' dir='ltr'>quam</span> <span class='ocrx_word' id='word_1_239' title='bbox 424 4138 552 4203; x_wconf 78' lang='lat' dir='ltr'>Initium</span> <span class='ocrx_word' id='word_1_240' title='bbox 581 4140 757 4230; x_wconf 87' lang='lat' dir='ltr'>spectavit,</span> <span class='ocrx_word' id='word_1_241' title='bbox 786 4162 859 4202; x_wconf 80' lang='lat' dir='ltr'>cunt</span> <span class='ocrx_word' id='word_1_242' title='bbox 885 4160 951 4202; x_wconf 90' lang='lat' dir='ltr'>uno</span> <span class='ocrx_word' id='word_1_243' title='bbox 974 4154 1051 4228; x_wconf 87' lang='lat' dir='ltr'>post</span> <span class='ocrx_word' id='word_1_244' title='bbox 1065 4135 1210 4200; x_wconf 79' lang='lat' dir='ltr'>EnnIum</span> <span class='ocrx_word' id='word_1_245' title='bbox 1227 4157 1313 4197; x_wconf 88' lang='lat' dir='ltr'>anno</span> 
     </span>
     <span class='ocr_line' id='line_1_32' title="bbox 217 4243 1314 4342; baseline -0.005 -25"><span class='ocrx_word' id='word_1_246' title='bbox 217 4253 264 4340; x_wconf 82' lang='lat' dir='ltr'>(h.</span> <span class='ocrx_word' id='word_1_247' title='bbox 291 4279 321 4320; x_wconf 87' lang='lat' dir='ltr'>e.</span> <span class='ocrx_word' id='word_1_248' title='bbox 349 4251 436 4338; x_wconf 84' lang='lat'>585)</span> <span class='ocrx_word' id='word_1_249' title='bbox 465 4254 651 4320; x_wconf 81' lang='lat' dir='ltr'>Caecilium</span> <span class='ocrx_word' id='word_1_250' title='bbox 677 4254 786 4319; x_wconf 83' lang='lat' dir='ltr'>obisse</span> <span class='ocrx_word' id='word_1_251' title='bbox 812 4268 907 4319; x_wconf 84' lang='lat' dir='ltr'>notet</span> <span class='ocrx_word' id='word_1_252' title='bbox 932 4243 1168 4342; x_wconf 66' lang='lat' dir='ltr'>Hieronymus</span> <span class='ocrx_word' id='word_1_253' title='bbox 1214 4247 1314 4314; x_wconf 87' lang='lat' dir='ltr'>Simi-</span> 
     </span>
    </p>
   </div>
   <div class='ocr_carea' id='block_1_6' title="bbox 220 4413 508 4427">
    <p class='ocr_par' dir='ltr' id='par_1_6' title="bbox 220 4413 508 4427">
     <span class='ocr_line' id='line_1_33' title="bbox 220 4413 508 4427; baseline 0.01 -2"><span class='ocrx_word' id='word_1_254' title='bbox 220 4413 508 4427; x_wconf 57' lang='grc' dir='ltr'>ιιι-Μ</span> 
     </span>
    </p>
   </div>
   <div class='ocr_carea' id='block_1_7' title="bbox 228 4466 1314 4798">
    <p class='ocr_par' dir='ltr' id='par_1_7' title="bbox 268 4466 1314 4713">
     <span class='ocr_line' id='line_1_34' title="bbox 268 4466 1312 4541; baseline -0.013 -15"><span class='ocrx_word' id='word_1_255' title='bbox 268 4473 296 4541; x_wconf 75' lang='grc'>*)</span> <span class='ocrx_word' id='word_1_256' title='bbox 316 4471 411 4525; x_wconf 80' lang='lat' dir='ltr'>Contra</span> <span class='ocrx_word' id='word_1_257' title='bbox 430 4474 521 4525; x_wconf 80' lang='lat' dir='ltr'>Ritteri</span> <span class='ocrx_word' id='word_1_258' title='bbox 540 4471 789 4540; x_wconf 76' lang='lat' dir='ltr'>argumentationem</span> <span class='ocrx_word' id='word_1_259' title='bbox 808 4485 875 4536; x_wconf 84' lang='lat' dir='ltr'>qnae</span> <span class='ocrx_word' id='word_1_260' title='bbox 888 4469 1074 4521; x_wconf 77' lang='lat' dir='ltr'>Kluumeuuus</span> <span class='ocrx_word' id='word_1_261' title='bbox 1093 4481 1117 4533; x_wconf 84' lang='lat' dir='ltr'>p.</span> <span class='ocrx_word' id='word_1_262' title='bbox 1129 4466 1196 4518; x_wconf 76' lang='lat'>15..</span> <span class='ocrx_word' id='word_1_263' title='bbox 1213 4467 1245 4517; x_wconf 79' lang='lat'>18</span> <span class='ocrx_word' id='word_1_264' title='bbox 1255 4481 1312 4532; x_wconf 86' lang='lat' dir='ltr'>sqq.</span> 
     </span>
     <span class='ocr_line' id='line_1_35' title="bbox 318 4550 1312 4629; baseline -0.008 -19"><span class='ocrx_word' id='word_1_265' title='bbox 318 4559 433 4625; x_wconf 65' lang='lat' dir='ltr'>protudit,</span> <span class='ocrx_word' id='word_1_266' title='bbox 455 4574 616 4629; x_wconf 80' lang='lat' dir='ltr'>nequaquam</span> <span class='ocrx_word' id='word_1_267' title='bbox 635 4557 681 4609; x_wconf 85' lang='lat' dir='ltr'>illa</span> <span class='ocrx_word' id='word_1_268' title='bbox 701 4557 780 4619; x_wconf 80' lang='lat' dir='ltr'>Ievis,</span> <span class='ocrx_word' id='word_1_269' title='bbox 799 4555 834 4606; x_wconf 83' lang='lat' dir='ltr'>ibi</span> <span class='ocrx_word' id='word_1_270' title='bbox 855 4556 1050 4623; x_wconf 68' lang='lat' dir='ltr'>expendentur,</span> <span class='ocrx_word' id='word_1_271' title='bbox 1079 4552 1123 4606; x_wconf 90' lang='lat' dir='ltr'>ubi</span> <span class='ocrx_word' id='word_1_272' title='bbox 1146 4551 1232 4605; x_wconf 78' lang='lat' dir='ltr'>Militis</span> <span class='ocrx_word' id='word_1_273' title='bbox 1251 4550 1312 4617; x_wconf 79' lang='lat' dir='ltr'>glo-</span> 
     </span>
     <span class='ocr_line' id='line_1_36' title="bbox 321 4636 1314 4713; baseline -0.008 -18"><span class='ocrx_word' id='word_1_274' title='bbox 321 4645 382 4696; x_wconf 82' lang='lat' dir='ltr'>riosi</span> <span class='ocrx_word' id='word_1_275' title='bbox 412 4653 528 4713; x_wconf 77' lang='lat' dir='ltr'>tempore</span> <span class='ocrx_word' id='word_1_276' title='bbox 550 4660 608 4697; x_wconf 85' lang='lat' dir='ltr'>eum</span> <span class='ocrx_word' id='word_1_277' title='bbox 635 4643 683 4695; x_wconf 87' lang='lat' dir='ltr'>hae</span> <span class='ocrx_word' id='word_1_278' title='bbox 709 4643 777 4692; x_wconf 85' lang='grc' dir='ltr'><strong>οιιιιιί</strong></span> <span class='ocrx_word' id='word_1_279' title='bbox 807 4643 962 4708; x_wconf 79' lang='lat' dir='ltr'>quaestione</span> <span class='ocrx_word' id='word_1_280' title='bbox 987 4640 1197 4695; x_wconf 79' lang='lat' dir='ltr'>ooniunetissium</span> <span class='ocrx_word' id='word_1_281' title='bbox 1225 4636 1314 4688; x_wconf 70' lang='lat' dir='ltr'>ditec-</span> 
     </span>
    </p>

    <p class='ocr_par' dir='ltr' id='par_1_8' title="bbox 228 4731 457 4798">
     <span class='ocr_line' id='line_1_37' title="bbox 228 4731 457 4798; baseline 0.017 -19"><span class='ocrx_word' id='word_1_282' title='bbox 228 4775 231 4779; x_wconf 91' lang='lat'>.</span> <span class='ocrx_word' id='word_1_283' title='bbox 319 4731 457 4798; x_wconf 70' lang='lat' dir='ltr'>plebium.</span> 
     </span>
    </p>
   </div>
   <div class='ocr_carea' id='block_1_8' title="bbox 0 0 1414 5332">
    <p class='ocr_par' dir='ltr' id='par_1_9' title="bbox 0 0 1414 5332">
     <span class='ocr_line' id='line_1_38' title="bbox 0 0 1414 5332; baseline 0 2"><span class='ocrx_word' id='word_1_284' title='bbox 0 0 1414 5332; x_wconf 95' lang='lat' dir='ltr'> </span> 
     </span>
    </p>
   </div>
  </div>
 </body>
</html>
