<?xml version="1.0" encoding="UTF-8"?>
<!DOCTYPE html PUBLIC "-//W3C//DTD XHTML 1.0 Transitional//EN"
    "http://www.w3.org/TR/xhtml1/DTD/xhtml1-transitional.dtd">
<html xmlns="http://www.w3.org/1999/xhtml" xml:lang="en" lang="en">
 <head>
  <title>
</title>
<meta http-equiv="Content-Type" content="text/html;charset=utf-8" />
  <meta name='ocr-system' content='tesseract 3.04.00' />
  <meta name='ocr-capabilities' content='ocr_page ocr_carea ocr_par ocr_line ocrx_word'/>
</head>
<body>
  <div class='ocr_page' id='page_1' title='image "./parergonplautin01ritsgoog_0414.png"; bbox 0 0 2820 5332; ppageno 0'>
   <div class='ocr_carea' id='block_1_1' title="bbox 429 681 1172 750">
    <p class='ocr_par' dir='ltr' id='par_1_1' title="bbox 429 681 1172 750">
     <span class='ocr_line' id='line_1_1' title="bbox 429 681 1172 750; baseline 0.013 -10"><span class='ocrx_word' id='word_1_1' title='bbox 429 701 546 744; x_wconf 77' lang='lat' dir='ltr'><strong>retrrr</strong></span> <span class='ocrx_word' id='word_1_2' title='bbox 573 699 841 745; x_wconf 77' lang='lat' dir='ltr'><strong>rursusnerrovs.</strong></span> <span class='ocrx_word' id='word_1_3' title='bbox 1101 681 1172 750; x_wconf 84' lang='lat'><strong>373</strong></span> 
     </span>
    </p>
   </div>
   <div class='ocr_carea' id='block_1_2' title="bbox 32 871 1200 3160">
    <p class='ocr_par' dir='ltr' id='par_1_2' title="bbox 32 871 1200 3160">
     <span class='ocr_line' id='line_1_2' title="bbox 90 871 1177 967; baseline 0.006 -32"><span class='ocrx_word' id='word_1_4' title='bbox 90 873 285 963; x_wconf 82' lang='lat' dir='ltr'><strong>Quanquam</strong></span> <span class='ocrx_word' id='word_1_5' title='bbox 313 892 345 939; x_wconf 89' lang='lat' dir='ltr'><strong>et</strong></span> <span class='ocrx_word' id='word_1_6' title='bbox 372 871 413 937; x_wconf 87' lang='lat' dir='ltr'><strong>dc</strong></span> <span class='ocrx_word' id='word_1_7' title='bbox 440 874 622 965; x_wconf 81' lang='lat' dir='ltr'><strong>pistoribus</strong></span> <span class='ocrx_word' id='word_1_8' title='bbox 650 875 833 967; x_wconf 87' lang='lat' dir='ltr'><strong>coquisque</strong></span> <span class='ocrx_word' id='word_1_9' title='bbox 860 873 955 941; x_wconf 86' lang='lat' dir='ltr'><strong>etde</strong></span> <span class='ocrx_word' id='word_1_10' title='bbox 975 877 1049 941; x_wconf 90' lang='lat' dir='ltr'><strong>vino</strong></span> <span class='ocrx_word' id='word_1_11' title='bbox 1069 875 1177 943; x_wconf 86' lang='lat' dir='ltr'><strong>dulci·</strong></span> 
     </span>
     <span class='ocr_line' id='line_1_3' title="bbox 90 987 1179 1081; baseline 0.006 -31"><span class='ocrx_word' id='word_1_12' title='bbox 90 987 220 1079; x_wconf 90' lang='lat' dir='ltr'><strong>busque</strong></span> <span class='ocrx_word' id='word_1_13' title='bbox 241 1014 306 1078; x_wconf 90' lang='lat' dir='ltr'><strong>per</strong></span> <span class='ocrx_word' id='word_1_14' title='bbox 329 987 507 1054; x_wconf 87' lang='lat' dir='ltr'><strong>multarum</strong></span> <span class='ocrx_word' id='word_1_15' title='bbox 539 991 770 1081; x_wconf 78' lang='lat' dir='ltr'><strong>quaestionum</strong></span> <span class='ocrx_word' id='word_1_16' title='bbox 798 990 1080 1081; x_wconf 76' lang='lat' dir='ltr'><strong>opportunitatem</strong></span> <span class='ocrx_word' id='word_1_17' title='bbox 1110 990 1179 1057; x_wconf 86' lang='lat' dir='ltr'><strong>dis·</strong></span> 
     </span>
     <span class='ocr_line' id='line_1_4' title="bbox 88 1105 1178 1198; baseline 0.005 -30"><span class='ocrx_word' id='word_1_18' title='bbox 88 1107 198 1194; x_wconf 85' lang='lat' dir='ltr'><strong>putari</strong></span> <span class='ocrx_word' id='word_1_19' title='bbox 237 1107 279 1171; x_wconf 88' lang='lat' dir='ltr'><strong>ab</strong></span> <span class='ocrx_word' id='word_1_20' title='bbox 314 1105 540 1172; x_wconf 87' lang='lat' dir='ltr'><strong>iureconsulto</strong></span> <span class='ocrx_word' id='word_1_21' title='bbox 573 1108 697 1197; x_wconf 91' lang='lat' dir='ltr'><strong>potuit:</strong></span> <span class='ocrx_word' id='word_1_22' title='bbox 737 1107 896 1198; x_wconf 79' lang='lat' dir='ltr'><strong>frequens</strong></span> <span class='ocrx_word' id='word_1_23' title='bbox 936 1109 1024 1171; x_wconf 86' lang='lat' dir='ltr'><strong>enirn</strong></span> <span class='ocrx_word' id='word_1_24' title='bbox 1062 1108 1178 1174; x_wconf 84' lang='lat' dir='ltr'><strong>Irarum</strong></span> 
     </span>
     <span class='ocr_line' id='line_1_5' title="bbox 91 1221 1179 1313; baseline 0.004 -28"><span class='ocrx_word' id='word_1_25' title='bbox 91 1244 205 1285; x_wconf 87' lang='lat' dir='ltr'><strong>rerum</strong></span> <span class='ocrx_word' id='word_1_26' title='bbox 243 1223 276 1286; x_wconf 92' lang='lat' dir='ltr'><strong>iu</strong></span> <span class='ocrx_word' id='word_1_27' title='bbox 315 1222 518 1287; x_wconf 82' lang='lat' dir='ltr'><strong>testamentis</strong></span> <span class='ocrx_word' id='word_1_28' title='bbox 544 1223 750 1312; x_wconf 86' lang='lat' dir='ltr'><strong>potissimum</strong></span> <span class='ocrx_word' id='word_1_29' title='bbox 781 1247 866 1287; x_wconf 89' lang='lat' dir='ltr'><strong>usus.</strong></span> <span class='ocrx_word' id='word_1_30' title='bbox 915 1221 1011 1303; x_wconf 82' lang='lat' dir='ltr'><strong>Quorl</strong></span> <span class='ocrx_word' id='word_1_31' title='bbox 1041 1223 1179 1313; x_wconf 90' lang='lat' dir='ltr'><strong>quidem</strong></span> 
     </span>
     <span class='ocr_line' id='line_1_6' title="bbox 89 1335 1180 1427; baseline 0.005 -28"><span class='ocrx_word' id='word_1_32' title='bbox 89 1336 132 1400; x_wconf 87' lang='lat' dir='ltr'><strong>ita</strong></span> <span class='ocrx_word' id='word_1_33' title='bbox 164 1361 234 1412; x_wconf 82' lang='lat' dir='ltr'><strong>esse</strong></span> <span class='ocrx_word' id='word_1_34' title='bbox 266 1338 454 1403; x_wconf 85' lang='lat' dir='ltr'><strong>certissimis</strong></span> <span class='ocrx_word' id='word_1_35' title='bbox 489 1339 682 1402; x_wconf 86' lang='lat' dir='ltr'><strong>testimoniis</strong></span> <span class='ocrx_word' id='word_1_36' title='bbox 708 1336 921 1427; x_wconf 85' lang='lat' dir='ltr'><strong>intelligitur,</strong></span> <span class='ocrx_word' id='word_1_37' title='bbox 954 1335 1045 1402; x_wconf 84' lang='lat' dir='ltr'><strong>velut</strong></span> <span class='ocrx_word' id='word_1_38' title='bbox 1074 1338 1180 1404; x_wconf 84' lang='lat' dir='ltr'><strong>Paulli</strong></span> 
     </span>
     <span class='ocr_line' id='line_1_7' title="bbox 91 1451 1179 1543; baseline 0 -26"><span class='ocrx_word' id='word_1_39' title='bbox 91 1452 240 1519; x_wconf 82' lang='lat' dir='ltr'><strong>Sentent.</strong></span> <span class='ocrx_word' id='word_1_40' title='bbox 281 1477 347 1519; x_wconf 90' lang='lat' dir='ltr'><strong>rec.</strong></span> <span class='ocrx_word' id='word_1_41' title='bbox 383 1453 451 1530; x_wconf 94' lang='lat' dir='ltr'>III,</span> <span class='ocrx_word' id='word_1_42' title='bbox 480 1454 519 1528; x_wconf 85' lang='grc'><strong>6,</strong></span> <span class='ocrx_word' id='word_1_43' title='bbox 548 1453 593 1519; x_wconf 84' lang='grc'><strong>70</strong></span> <span class='ocrx_word' id='word_1_44' title='bbox 621 1476 719 1543; x_wconf 80' lang='lat' dir='ltr'><strong>sqq:¹</strong></span> <span class='ocrx_word' id='word_1_45' title='bbox 765 1451 881 1518; x_wconf 82' lang='lat' dir='ltr'><strong>Servis</strong></span> <span class='ocrx_word' id='word_1_46' title='bbox 913 1451 1179 1517; x_wconf 79' lang='lat' dir='ltr'><strong>arrranuensilrus</strong></span> 
     </span>
     <span class='ocr_line' id='line_1_8' title="bbox 90 1565 1177 1658; baseline 0.003 -29"><span class='ocrx_word' id='word_1_47' title='bbox 90 1565 215 1656; x_wconf 80' lang='lat' dir='ltr'><strong>legatis</strong></span> <span class='ocrx_word' id='word_1_48' title='bbox 238 1574 368 1642; x_wconf 74' lang='lat' dir='ltr'><strong>enarres,</strong></span> <span class='ocrx_word' id='word_1_49' title='bbox 393 1571 452 1658; x_wconf 77' lang='lat' dir='ltr'><strong>qui</strong></span> <span class='ocrx_word' id='word_1_50' title='bbox 473 1567 520 1630; x_wconf 85' lang='lat' dir='ltr'><strong>ad</strong></span> <span class='ocrx_word' id='word_1_51' title='bbox 536 1591 673 1631; x_wconf 85' lang='lat' dir='ltr'><strong>ntanmn</strong></span> <span class='ocrx_word' id='word_1_52' title='bbox 689 1570 857 1640; x_wconf 83' lang='lat' dir='ltr'><strong>serviunt,</strong></span> <span class='ocrx_word' id='word_1_53' title='bbox 874 1566 1086 1632; x_wconf 81' lang='lat' dir='ltr'><strong>debebantur</strong></span> <span class='ocrx_word' id='word_1_54' title='bbox 1100 1615 1109 1632; x_wconf 86' lang='lat'><strong>.</strong></span> <span class='ocrx_word' id='word_1_55' title='bbox 1123 1617 1131 1632; x_wconf 91' lang='lat'><strong>.</strong></span> <span class='ocrx_word' id='word_1_56' title='bbox 1147 1615 1177 1633; x_wconf 88' lang='lat'><strong>..</strong></span> 
     </span>
     <span class='ocr_line' id='line_1_9' title="bbox 32 1680 1200 1761; baseline 0.001 -15"><span class='ocrx_word' id='word_1_57' title='bbox 32 1684 39 1709; x_wconf 83' lang='lat'><em>&#39;</em></span> <span class='ocrx_word' id='word_1_58' title='bbox 89 1682 264 1746; x_wconf 80' lang='lat' dir='ltr'><strong>Midioncs</strong></span> <span class='ocrx_word' id='word_1_59' title='bbox 301 1698 335 1747; x_wconf 88' lang='lat' dir='ltr'><strong>et</strong></span> <span class='ocrx_word' id='word_1_60' title='bbox 371 1686 548 1747; x_wconf 86' lang='lat' dir='ltr'><strong>institores</strong></span> <span class='ocrx_word' id='word_1_61' title='bbox 574 1687 666 1747; x_wconf 86' lang='lat' dir='ltr'><strong>inter</strong></span> <span class='ocrx_word' id='word_1_62' title='bbox 691 1680 828 1746; x_wconf 72' lang='lat' dir='ltr'><strong>carbona</strong></span> <span class='ocrx_word' id='word_1_63' title='bbox 853 1686 1045 1747; x_wconf 86' lang='lat' dir='ltr'><strong>ministeria</strong></span> <span class='ocrx_word' id='word_1_64' title='bbox 1070 1687 1200 1761; x_wconf 62' lang='lat' dir='ltr'><strong>conti,</strong></span> 
     </span>
     <span class='ocr_line' id='line_1_10' title="bbox 91 1797 1179 1869; baseline 0.003 -9"><span class='ocrx_word' id='word_1_65' title='bbox 91 1813 236 1861; x_wconf 81' lang='lat' dir='ltr'><strong>nentur:</strong></span> <span class='ocrx_word' id='word_1_66' title='bbox 274 1800 355 1862; x_wconf 91' lang='lat' dir='ltr'><strong>item</strong></span> <span class='ocrx_word' id='word_1_67' title='bbox 390 1797 615 1869; x_wconf 83' lang='lat' dir='ltr'><strong>obsonatores</strong></span> <span class='ocrx_word' id='word_1_68' title='bbox 654 1813 687 1862; x_wconf 88' lang='lat' dir='ltr'><strong>et</strong></span> <span class='ocrx_word' id='word_1_69' title='bbox 715 1801 868 1864; x_wconf 83' lang='lat' dir='ltr'><strong>vestiarii</strong></span> <span class='ocrx_word' id='word_1_70' title='bbox 892 1814 926 1862; x_wconf 86' lang='lat' dir='ltr'><strong>et</strong></span> <span class='ocrx_word' id='word_1_71' title='bbox 952 1797 1125 1863; x_wconf 73' lang='lat' dir='ltr'><strong>cellararii</strong></span> <span class='ocrx_word' id='word_1_72' title='bbox 1144 1814 1179 1863; x_wconf 87' lang='lat' dir='ltr'><strong>et</strong></span> 
     </span>
     <span class='ocr_line' id='line_1_11' title="bbox 89 1911 1178 2006; baseline 0.003 -31"><span class='ocrx_word' id='word_1_73' title='bbox 89 1911 289 2006; x_wconf 78' lang='lat' dir='ltr'><strong>cubicularii</strong></span> <span class='ocrx_word' id='word_1_74' title='bbox 313 1930 347 1978; x_wconf 88' lang='lat' dir='ltr'><strong>et</strong></span> <span class='ocrx_word' id='word_1_75' title='bbox 372 1916 505 1978; x_wconf 87' lang='lat' dir='ltr'><strong>arcarii</strong></span> <span class='ocrx_word' id='word_1_76' title='bbox 528 1931 562 1979; x_wconf 88' lang='lat' dir='ltr'><strong>et</strong></span> <span class='ocrx_word' id='word_1_77' title='bbox 588 1917 733 2004; x_wconf 82' lang='lat' dir='ltr'><strong>coqui,</strong></span> <span class='ocrx_word' id='word_1_78' title='bbox 756 1914 984 2004; x_wconf 81' lang='lat' dir='ltr'><strong>placentarii,</strong></span> <span class='ocrx_word' id='word_1_79' title='bbox 1010 1931 1178 1993; x_wconf 84' lang='lat' dir='ltr'><strong>tonsores,</strong></span> 
     </span>
     <span class='ocr_line' id='line_1_12' title="bbox 87 2028 1178 2119; baseline 0.002 -27"><span class='ocrx_word' id='word_1_80' title='bbox 87 2032 315 2119; x_wconf 87' lang='lat' dir='ltr'><strong>pistores,</strong></span> <span class='ocrx_word' id='word_1_81' title='bbox 342 2029 522 2103; x_wconf 86' lang='lat' dir='ltr'><strong>lecticarii,</strong></span> <span class='ocrx_word' id='word_1_82' title='bbox 546 2028 738 2096; x_wconf 83' lang='lat' dir='ltr'><strong>stabularii.</strong></span> <span class='ocrx_word' id='word_1_83' title='bbox 788 2030 918 2095; x_wconf 84' lang='lat' dir='ltr'><strong>Ibidem</strong></span> <span class='ocrx_word' id='word_1_84' title='bbox 943 2030 962 2114; x_wconf 67' lang='lat'><em>5</em></span> <span class='ocrx_word' id='word_1_85' title='bbox 990 2034 1053 2098; x_wconf 82' lang='lat'><strong>77:</strong></span> <span class='ocrx_word' id='word_1_86' title='bbox 1092 2030 1178 2096; x_wconf 86' lang='lat' dir='ltr'><strong>Dul-</strong></span> 
     </span>
     <span class='ocr_line' id='line_1_13' title="bbox 91 2141 1179 2235; baseline 0.004 -28"><span class='ocrx_word' id='word_1_87' title='bbox 91 2141 182 2207; x_wconf 75' lang='lat' dir='ltr'><strong>cibus</strong></span> <span class='ocrx_word' id='word_1_88' title='bbox 208 2143 335 2234; x_wconf 82' lang='lat' dir='ltr'><strong>legatis</strong></span> <span class='ocrx_word' id='word_1_89' title='bbox 359 2169 465 2235; x_wconf 79' lang='lat' dir='ltr'><strong>saper,</strong></span> <span class='ocrx_word' id='word_1_90' title='bbox 496 2144 694 2230; x_wconf 68' lang='lat' dir='ltr'><strong>defrutum,</strong></span> <span class='ocrx_word' id='word_1_91' title='bbox 734 2147 895 2221; x_wconf 79' lang='lat' dir='ltr'><strong>attilium,</strong></span> <span class='ocrx_word' id='word_1_92' title='bbox 928 2145 1048 2211; x_wconf 85' lang='lat' dir='ltr'><strong>dulce</strong></span> <span class='ocrx_word' id='word_1_93' title='bbox 1074 2151 1179 2211; x_wconf 87' lang='lat' dir='ltr'><strong>ctiam</strong></span> 
     </span>
     <span class='ocr_line' id='line_1_14' title="bbox 92 2259 1179 2353; baseline 0.002 -31"><span class='ocrx_word' id='word_1_94' title='bbox 92 2261 190 2322; x_wconf 86' lang='lat' dir='ltr'><strong>vinu</strong></span> <span class='ocrx_word' id='word_1_95' title='bbox 202 2282 246 2333; x_wconf 91' lang='lat' dir='ltr'><strong>m,</strong></span> <span class='ocrx_word' id='word_1_96' title='bbox 270 2259 418 2351; x_wconf 81' lang='lat' dir='ltr'><strong>palmae,</strong></span> <span class='ocrx_word' id='word_1_97' title='bbox 435 2265 585 2335; x_wconf 89' lang='lat' dir='ltr'><strong>caricae,</strong></span> <span class='ocrx_word' id='word_1_98' title='bbox 608 2285 691 2325; x_wconf 85' lang='lat' dir='ltr'><strong>urae</strong></span> <span class='ocrx_word' id='word_1_99' title='bbox 704 2286 829 2353; x_wconf 84' lang='lat' dir='ltr'><strong>passae</strong></span> <span class='ocrx_word' id='word_1_100' title='bbox 846 2259 1078 2326; x_wconf 83' lang='lat' dir='ltr'><strong>debebantur:</strong></span> <span class='ocrx_word' id='word_1_101' title='bbox 1103 2262 1179 2352; x_wconf 90' lang='lat' dir='ltr'><strong>qui-</strong></span> 
     </span>
     <span class='ocr_line' id='line_1_15' title="bbox 88 2374 1177 2468; baseline 0.005 -30"><span class='ocrx_word' id='word_1_102' title='bbox 88 2374 149 2439; x_wconf 92' lang='lat' dir='ltr'><strong>bus</strong></span> <span class='ocrx_word' id='word_1_103' title='bbox 181 2375 266 2440; x_wconf 84' lang='lat' dir='ltr'><strong>conl.</strong></span> <span class='ocrx_word' id='word_1_104' title='bbox 306 2376 432 2464; x_wconf 84' lang='lat' dir='ltr'><strong>Digest.</strong></span> <span class='ocrx_word' id='word_1_105' title='bbox 466 2377 624 2455; x_wconf 84' lang='lat' dir='ltr'>XXXIII,</span> <span class='ocrx_word' id='word_1_106' title='bbox 648 2375 685 2455; x_wconf 86' lang='lat'><strong>6,</strong></span> <span class='ocrx_word' id='word_1_107' title='bbox 717 2376 760 2445; x_wconf 83' lang='lat'><strong>16</strong></span> <span class='ocrx_word' id='word_1_108' title='bbox 786 2379 806 2465; x_wconf 80' lang='lat'><em>§</em></span> <span class='ocrx_word' id='word_1_109' title='bbox 835 2383 864 2443; x_wconf 85' lang='lat'><strong>1.</strong></span> <span class='ocrx_word' id='word_1_110' title='bbox 914 2376 1079 2468; x_wconf 86' lang='lat' dir='ltr'><strong>Imprimis</strong></span> <span class='ocrx_word' id='word_1_111' title='bbox 1111 2377 1177 2443; x_wconf 89' lang='lat' dir='ltr'><strong>buc</strong></span> 
     </span>
     <span class='ocr_line' id='line_1_16' title="bbox 87 2489 1177 2583; baseline 0.003 -30"><span class='ocrx_word' id='word_1_112' title='bbox 87 2491 233 2580; x_wconf 89' lang='lat' dir='ltr'><strong>pertinet</strong></span> <span class='ocrx_word' id='word_1_113' title='bbox 272 2491 346 2582; x_wconf 83' lang='lat' dir='ltr'><strong>Dig.</strong></span> <span class='ocrx_word' id='word_1_114' title='bbox 374 2491 532 2569; x_wconf 91' lang='lat' dir='ltr'>XXXIII,</span> <span class='ocrx_word' id='word_1_115' title='bbox 560 2489 592 2571; x_wconf 81' lang='grc'><strong>6,</strong></span> <span class='ocrx_word' id='word_1_116' title='bbox 622 2491 661 2560; x_wconf 89' lang='lat'><strong>9:</strong></span> <span class='ocrx_word' id='word_1_117' title='bbox 700 2492 837 2583; x_wconf 77' lang='lat' dir='ltr'><strong>Siquis</strong></span> <span class='ocrx_word' id='word_1_118' title='bbox 861 2496 973 2556; x_wconf 87' lang='lat' dir='ltr'><strong>riuum</strong></span> <span class='ocrx_word' id='word_1_119' title='bbox 1000 2492 1177 2582; x_wconf 76' lang='lat' dir='ltr'><strong>legaverit,</strong></span> 
     </span>
     <span class='ocr_line' id='line_1_17' title="bbox 88 2605 1177 2698; baseline 0.003 -30"><span class='ocrx_word' id='word_1_120' title='bbox 88 2629 187 2669; x_wconf 87' lang='lat' dir='ltr'><strong>omne</strong></span> <span class='ocrx_word' id='word_1_121' title='bbox 214 2609 424 2681; x_wconf 84' lang='lat' dir='ltr'><strong>continetur,</strong></span> <span class='ocrx_word' id='word_1_122' title='bbox 451 2605 544 2698; x_wconf 73' lang='lat' dir='ltr'><strong>quael</strong></span> <span class='ocrx_word' id='word_1_123' title='bbox 565 2631 610 2671; x_wconf 80' lang='lat' dir='ltr'><strong>ex</strong></span> <span class='ocrx_word' id='word_1_124' title='bbox 633 2611 732 2673; x_wconf 79' lang='lat' dir='ltr'><strong>vinea</strong></span> <span class='ocrx_word' id='word_1_125' title='bbox 751 2624 869 2671; x_wconf 77' lang='lat' dir='ltr'><strong>nattam</strong></span> <span class='ocrx_word' id='word_1_126' title='bbox 887 2611 1000 2672; x_wconf 83' lang='lat' dir='ltr'><strong>rinrrm</strong></span> <span class='ocrx_word' id='word_1_127' title='bbox 1014 2631 1177 2698; x_wconf 87' lang='lat' dir='ltr'><strong>perman·</strong></span> 
     </span>
     <span class='ocr_line' id='line_1_18' title="bbox 89 2719 1176 2812; baseline 0.002 -28"><span class='ocrx_word' id='word_1_128' title='bbox 89 2724 142 2784; x_wconf 86' lang='lat' dir='ltr'><strong>sit.</strong></span> <span class='ocrx_word' id='word_1_129' title='bbox 195 2719 267 2787; x_wconf 80' lang='lat' dir='ltr'><strong>Sed</strong></span> <span class='ocrx_word' id='word_1_130' title='bbox 289 2725 322 2785; x_wconf 89' lang='lat' dir='ltr'><strong>si</strong></span> <span class='ocrx_word' id='word_1_131' title='bbox 346 2720 487 2785; x_wconf 86' lang='lat' dir='ltr'><strong>mulsum</strong></span> <span class='ocrx_word' id='word_1_132' title='bbox 511 2725 557 2787; x_wconf 85' lang='lat' dir='ltr'><strong>sit</strong></span> <span class='ocrx_word' id='word_1_133' title='bbox 573 2724 729 2808; x_wconf 88' lang='lat' dir='ltr'><strong>factum,</strong></span> <span class='ocrx_word' id='word_1_134' title='bbox 756 2726 827 2787; x_wconf 82' lang='lat' dir='ltr'><strong>vini</strong></span> <span class='ocrx_word' id='word_1_135' title='bbox 848 2722 1078 2812; x_wconf 86' lang='lat' dir='ltr'><strong>appellatione</strong></span> <span class='ocrx_word' id='word_1_136' title='bbox 1104 2747 1176 2786; x_wconf 90' lang='lat' dir='ltr'><strong>non</strong></span> 
     </span>
     <span class='ocr_line' id='line_1_19' title="bbox 89 2835 1177 2929; baseline 0 -27"><span class='ocrx_word' id='word_1_137' title='bbox 89 2835 321 2903; x_wconf 83' lang='lat' dir='ltr'><strong>continebitur</strong></span> <span class='ocrx_word' id='word_1_138' title='bbox 344 2841 483 2929; x_wconf 87' lang='lat' dir='ltr'><strong>proprie</strong></span> <span class='ocrx_word' id='word_1_139' title='bbox 606 2854 639 2902; x_wconf 88' lang='lat' dir='ltr'><strong>ct</strong></span> <span class='ocrx_word' id='word_1_140' title='bbox 664 2864 749 2928; x_wconf 87' lang='lat' dir='ltr'><strong>quac</strong></span> <span class='ocrx_word' id='word_1_141' title='bbox 774 2855 960 2929; x_wconf 89' lang='lat' dir='ltr'><strong>sequuntur</strong></span> <span class='ocrx_word' id='word_1_142' title='bbox 986 2838 1030 2903; x_wconf 89' lang='lat' dir='ltr'><strong>de</strong></span> <span class='ocrx_word' id='word_1_143' title='bbox 1057 2838 1177 2927; x_wconf 82' lang='lat' dir='ltr'><strong>zytlro,</strong></span> 
     </span>
     <span class='ocr_line' id='line_1_20' title="bbox 87 2950 1174 3039; baseline 0.003 -24"><span class='ocrx_word' id='word_1_144' title='bbox 87 2976 196 3027; x_wconf 78' lang='lat' dir='ltr'><strong>canta,</strong></span> <span class='ocrx_word' id='word_1_145' title='bbox 223 2956 385 3027; x_wconf 78' lang='lat' dir='ltr'><strong>cervesia,</strong></span> <span class='ocrx_word' id='word_1_146' title='bbox 408 2951 611 3039; x_wconf 77' lang='lat' dir='ltr'><strong>hydromeli,</strong></span> <span class='ocrx_word' id='word_1_147' title='bbox 639 2956 741 3016; x_wconf 87' lang='lat' dir='ltr'><strong>rino</strong></span> <span class='ocrx_word' id='word_1_148' title='bbox 769 2950 882 3016; x_wconf 85' lang='lat' dir='ltr'><strong>cond</strong></span> <span class='ocrx_word' id='word_1_149' title='bbox 890 2956 903 3017; x_wconf 94' lang='lat' dir='ltr'><strong>i</strong></span> <span class='ocrx_word' id='word_1_150' title='bbox 910 2969 967 3026; x_wconf 89' lang='lat' dir='ltr'><strong>to,</strong></span> <span class='ocrx_word' id='word_1_151' title='bbox 994 2951 1174 3029; x_wconf 85' lang='lat' dir='ltr'><strong>oenorneli,</strong></span> 
     </span>
     <span class='ocr_line' id='line_1_21' title="bbox 82 3065 1172 3160; baseline 0.004 -29"><span class='ocrx_word' id='word_1_152' title='bbox 82 3091 198 3160; x_wconf 85' lang='lat' dir='ltr'><strong>passo,</strong></span> <span class='ocrx_word' id='word_1_153' title='bbox 222 3066 377 3154; x_wconf 84' lang='lat' dir='ltr'><strong>defruto,</strong></span> <span class='ocrx_word' id='word_1_154' title='bbox 403 3070 606 3147; x_wconf 86' lang='lat' dir='ltr'><strong>acinaticio,</strong></span> <span class='ocrx_word' id='word_1_155' title='bbox 633 3065 799 3155; x_wconf 84' lang='lat' dir='ltr'><strong>cydoneo‚</strong></span> <span class='ocrx_word' id='word_1_156' title='bbox 830 3084 928 3132; x_wconf 83' lang='lat' dir='ltr'><strong>aceto</strong></span> <span class='ocrx_word' id='word_1_157' title='bbox 954 3069 1172 3160; x_wconf 86' lang='lat' dir='ltr'><strong>praescripta.</strong></span> 
     </span>
    </p>
   </div>
   <div class='ocr_carea' id='block_1_3' title="bbox 85 3177 1173 3275">
    <p class='ocr_par' dir='ltr' id='par_1_3' title="bbox 85 3177 1173 3275">
     <span class='ocr_line' id='line_1_22' title="bbox 85 3177 1173 3275; baseline 0 -25"><span class='ocrx_word' id='word_1_158' title='bbox 85 3181 217 3250; x_wconf 82' lang='lat' dir='ltr'><strong>Similes</strong></span> <span class='ocrx_word' id='word_1_159' title='bbox 243 3184 346 3249; x_wconf 88' lang='lat' dir='ltr'><strong>habes</strong></span> <span class='ocrx_word' id='word_1_160' title='bbox 374 3183 640 3275; x_wconf 76' lang='lat' dir='ltr'><strong>gravissimorum</strong></span> <span class='ocrx_word' id='word_1_161' title='bbox 668 3185 813 3250; x_wconf 91' lang='lat' dir='ltr'><strong>Ictorum</strong></span> <span class='ocrx_word' id='word_1_162' title='bbox 851 3177 1011 3274; x_wconf 56' lang='lat' dir='ltr'><strong>de&#39;pcnu</strong></span> <span class='ocrx_word' id='word_1_163' title='bbox 1038 3202 1173 3250; x_wconf 89' lang='lat' dir='ltr'><strong>contro-</strong></span> 
     </span>
    </p>
   </div>
   <div class='ocr_carea' id='block_1_4' title="bbox 80 3297 1173 4657">
    <p class='ocr_par' dir='ltr' id='par_1_4' title="bbox 80 3297 1173 4657">
     <span class='ocr_line' id='line_1_23' title="bbox 85 3297 1173 3391; baseline 0.002 -28"><span class='ocrx_word' id='word_1_164' title='bbox 85 3299 208 3363; x_wconf 85' lang='lat' dir='ltr'><strong>versias</strong></span> <span class='ocrx_word' id='word_1_165' title='bbox 226 3297 315 3388; x_wconf 86' lang='lat' dir='ltr'><strong>apud</strong></span> <span class='ocrx_word' id='word_1_166' title='bbox 331 3297 476 3368; x_wconf 87' lang='lat' dir='ltr'><strong>Gellium</strong></span> <span class='ocrx_word' id='word_1_167' title='bbox 495 3299 552 3377; x_wconf 90' lang='lat' dir='ltr'><strong>IV,</strong></span> <span class='ocrx_word' id='word_1_168' title='bbox 571 3306 607 3366; x_wconf 87' lang='lat' dir='ltr'><strong>I:</strong></span> <span class='ocrx_word' id='word_1_169' title='bbox 635 3297 678 3364; x_wconf 89' lang='lat' dir='ltr'><strong>de</strong></span> <span class='ocrx_word' id='word_1_170' title='bbox 700 3325 766 3391; x_wconf 94' lang='lat' dir='ltr'><strong>quo</strong></span> <span class='ocrx_word' id='word_1_171' title='bbox 782 3301 914 3389; x_wconf 85' lang='lat' dir='ltr'><strong>integer</strong></span> <span class='ocrx_word' id='word_1_172' title='bbox 930 3297 1173 3365; x_wconf 87' lang='lat' dir='ltr'><strong>Pandectarum</strong></span> 
     </span>
     <span class='ocr_line' id='line_1_24' title="bbox 85 3412 1173 3507; baseline 0.002 -28"><span class='ocrx_word' id='word_1_173' title='bbox 85 3412 196 3479; x_wconf 90' lang='lat' dir='ltr'><strong>titulus</strong></span> <span class='ocrx_word' id='word_1_174' title='bbox 223 3412 305 3479; x_wconf 86' lang='lat' dir='ltr'><strong>ibid.</strong></span> <span class='ocrx_word' id='word_1_175' title='bbox 324 3416 346 3485; x_wconf 88' lang='lat'><strong>9</strong></span> <span class='ocrx_word' id='word_1_176' title='bbox 368 3431 479 3479; x_wconf 85' lang='lat' dir='ltr'><strong>exstat.</strong></span> <span class='ocrx_word' id='word_1_177' title='bbox 514 3414 557 3480; x_wconf 89' lang='lat' dir='ltr'><strong>Et</strong></span> <span class='ocrx_word' id='word_1_178' title='bbox 581 3415 669 3480; x_wconf 83' lang='lat' dir='ltr'><strong>Ateii</strong></span> <span class='ocrx_word' id='word_1_179' title='bbox 695 3414 867 3504; x_wconf 88' lang='lat' dir='ltr'><strong>Capitonis</strong></span> <span class='ocrx_word' id='word_1_180' title='bbox 895 3432 1033 3507; x_wconf 84' lang='lat' dir='ltr'><strong>praeter</strong></span> <span class='ocrx_word' id='word_1_181' title='bbox 1059 3431 1173 3482; x_wconf 85' lang='lat' dir='ltr'><strong>cetera</strong></span> 
     </span>
     <span class='ocr_line' id='line_1_25' title="bbox 82 3527 1172 3622; baseline 0.003 -30"><span class='ocrx_word' id='word_1_182' title='bbox 82 3547 217 3619; x_wconf 85' lang='lat' dir='ltr'><strong>praesto</strong></span> <span class='ocrx_word' id='word_1_183' title='bbox 240 3547 315 3594; x_wconf 91' lang='lat' dir='ltr'><strong>sunt</strong></span> <span class='ocrx_word' id='word_1_184' title='bbox 344 3531 652 3595; x_wconf 88' lang='lat' dir='ltr'><strong>Coniectaneorum</strong></span> <span class='ocrx_word' id='word_1_185' title='bbox 673 3527 771 3608; x_wconf 89' lang='lat' dir='ltr'><strong>libri,</strong></span> <span class='ocrx_word' id='word_1_186' title='bbox 800 3531 858 3622; x_wconf 92' lang='lat' dir='ltr'><strong>qui</strong></span> <span class='ocrx_word' id='word_1_187' title='bbox 884 3533 945 3597; x_wconf 91' lang='lat' dir='ltr'><strong>etsi</strong></span> <span class='ocrx_word' id='word_1_188' title='bbox 970 3529 1012 3596; x_wconf 87' lang='lat' dir='ltr'><strong>ad</strong></span> <span class='ocrx_word' id='word_1_189' title='bbox 1045 3533 1095 3595; x_wconf 92' lang='lat' dir='ltr'><strong>ius</strong></span> <span class='ocrx_word' id='word_1_190' title='bbox 1125 3532 1172 3598; x_wconf 88' lang='lat' dir='ltr'><strong>vi·</strong></span> 
     </span>
     <span class='ocr_line' id='line_1_26' title="bbox 85 3643 1171 3737; baseline 0.005 -30"><span class='ocrx_word' id='word_1_191' title='bbox 85 3643 208 3710; x_wconf 83' lang='lat' dir='ltr'><strong>deutur</strong></span> <span class='ocrx_word' id='word_1_192' title='bbox 234 3669 348 3710; x_wconf 87' lang='lat' dir='ltr'><strong>omnes</strong></span> <span class='ocrx_word' id='word_1_193' title='bbox 371 3645 582 3736; x_wconf 89' lang='lat' dir='ltr'><strong>pertinuisse,</strong></span> <span class='ocrx_word' id='word_1_194' title='bbox 608 3663 719 3711; x_wconf 88' lang='lat' dir='ltr'><strong>tamen</strong></span> <span class='ocrx_word' id='word_1_195' title='bbox 738 3646 818 3712; x_wconf 92' lang='lat' dir='ltr'><strong>ioris</strong></span> <span class='ocrx_word' id='word_1_196' title='bbox 840 3646 1030 3737; x_wconf 87' lang='lat' dir='ltr'><strong>explicandi</strong></span> <span class='ocrx_word' id='word_1_197' title='bbox 1058 3672 1171 3712; x_wconf 86' lang='lat' dir='ltr'><strong>caussa</strong></span> 
     </span>
     <span class='ocr_line' id='line_1_27' title="bbox 84 3757 1172 3853; baseline 0.002 -31"><span class='ocrx_word' id='word_1_198' title='bbox 84 3757 159 3823; x_wconf 88' lang='lat' dir='ltr'><strong>talia</strong></span> <span class='ocrx_word' id='word_1_199' title='bbox 185 3785 321 3852; x_wconf 86' lang='lat' dir='ltr'><strong>quoque</strong></span> <span class='ocrx_word' id='word_1_200' title='bbox 348 3778 547 3839; x_wconf 87' lang='lat' dir='ltr'><strong>tractarunt,</strong></span> <span class='ocrx_word' id='word_1_201' title='bbox 578 3786 663 3853; x_wconf 89' lang='lat' dir='ltr'><strong>quae</strong></span> <span class='ocrx_word' id='word_1_202' title='bbox 699 3785 763 3852; x_wconf 86' lang='lat' dir='ltr'><strong>per</strong></span> <span class='ocrx_word' id='word_1_203' title='bbox 788 3786 823 3825; x_wconf 92' lang='lat' dir='ltr'><strong>se</strong></span> <span class='ocrx_word' id='word_1_204' title='bbox 844 3778 992 3851; x_wconf 88' lang='lat' dir='ltr'><strong>spectata</strong></span> <span class='ocrx_word' id='word_1_205' title='bbox 1018 3784 1085 3826; x_wconf 90' lang='lat' dir='ltr'><strong>non</strong></span> <span class='ocrx_word' id='word_1_206' title='bbox 1108 3762 1172 3824; x_wconf 87' lang='lat' dir='ltr'><strong>mi-</strong></span> 
     </span>
     <span class='ocr_line' id='line_1_28' title="bbox 82 3872 1173 3968; baseline 0.002 -30"><span class='ocrx_word' id='word_1_207' title='bbox 82 3900 144 3939; x_wconf 89' lang='lat' dir='ltr'><strong>nus</strong></span> <span class='ocrx_word' id='word_1_208' title='bbox 175 3878 423 3968; x_wconf 85' lang='lat' dir='ltr'><strong>grammaticum</strong></span> <span class='ocrx_word' id='word_1_209' title='bbox 455 3877 586 3967; x_wconf 87' lang='lat' dir='ltr'><strong>sapiant</strong></span> <span class='ocrx_word' id='word_1_210' title='bbox 624 3903 722 3968; x_wconf 90' lang='lat' dir='ltr'><strong>quam</strong></span> <span class='ocrx_word' id='word_1_211' title='bbox 764 3875 845 3938; x_wconf 88' lang='lat' dir='ltr'><strong>iuris</strong></span> <span class='ocrx_word' id='word_1_212' title='bbox 883 3876 1046 3967; x_wconf 85' lang='lat' dir='ltr'><strong>peritum,</strong></span> <span class='ocrx_word' id='word_1_213' title='bbox 1081 3872 1173 3940; x_wconf 85' lang='lat' dir='ltr'><strong>velut</strong></span> 
     </span>
     <span class='ocr_line' id='line_1_29' title="bbox 84 3988 1173 4082; baseline 0.002 -29"><span class='ocrx_word' id='word_1_214' title='bbox 84 4016 168 4081; x_wconf 85' lang='lat' dir='ltr'><strong>qnae</strong></span> <span class='ocrx_word' id='word_1_215' title='bbox 193 3988 321 4056; x_wconf 79' lang='lat' dir='ltr'><strong>Gellius</strong></span> <span class='ocrx_word' id='word_1_216' title='bbox 349 3991 515 4082; x_wconf 79' lang='lat' dir='ltr'><strong>excerpsit</strong></span> <span class='ocrx_word' id='word_1_217' title='bbox 540 3991 614 4068; x_wconf 91' lang='lat' dir='ltr'><strong>XX,</strong></span> <span class='ocrx_word' id='word_1_218' title='bbox 643 3993 681 4057; x_wconf 70' lang='lat'><strong>2:</strong></span> <span class='ocrx_word' id='word_1_219' title='bbox 706 3993 859 4054; x_wconf 87' lang='lat' dir='ltr'><strong>siticines</strong></span> <span class='ocrx_word' id='word_1_220' title='bbox 884 3989 1084 4080; x_wconf 86' lang='lat' dir='ltr'><strong>appellatos,</strong></span> <span class='ocrx_word' id='word_1_221' title='bbox 1114 3993 1173 4079; x_wconf 82' lang='lat' dir='ltr'><strong>qui</strong></span> 
     </span>
     <span class='ocr_line' id='line_1_30' title="bbox 82 4103 1170 4194; baseline 0 -26"><span class='ocrx_word' id='word_1_222' title='bbox 82 4103 174 4194; x_wconf 86' lang='lat' dir='ltr'><strong>apud</strong></span> <span class='ocrx_word' id='word_1_223' title='bbox 196 4109 280 4168; x_wconf 86' lang='lat' dir='ltr'><strong>sitos</strong></span> <span class='ocrx_word' id='word_1_224' title='bbox 307 4129 431 4169; x_wconf 78' lang='lat' dir='ltr'><strong>carzere</strong></span> <span class='ocrx_word' id='word_1_225' title='bbox 453 4104 548 4170; x_wconf 85' lang='lat' dir='ltr'><strong>soliti</strong></span> <span class='ocrx_word' id='word_1_226' title='bbox 572 4119 699 4177; x_wconf 86' lang='lat' dir='ltr'><strong>essent,</strong></span> <span class='ocrx_word' id='word_1_227' title='bbox 724 4103 787 4168; x_wconf 81' lang='lat' dir='ltr'><strong>ltac</strong></span> <span class='ocrx_word' id='word_1_228' title='bbox 812 4120 863 4167; x_wconf 88' lang='lat' dir='ltr'><strong>est</strong></span> <span class='ocrx_word' id='word_1_229' title='bbox 880 4107 949 4168; x_wconf 87' lang='lat' dir='ltr'><strong>rita</strong></span> <span class='ocrx_word' id='word_1_230' title='bbox 963 4107 1114 4189; x_wconf 84' lang='lat' dir='ltr'><strong>functos</strong></span> <span class='ocrx_word' id='word_1_231' title='bbox 1136 4120 1170 4168; x_wconf 90' lang='lat' dir='ltr'><strong>et</strong></span> 
     </span>
     <span class='ocr_line' id='line_1_31' title="bbox 81 4218 1170 4311; baseline 0.002 -29"><span class='ocrx_word' id='word_1_232' title='bbox 81 4218 250 4309; x_wconf 67' lang='lat' dir='ltr'><strong>sepultos:</strong></span> <span class='ocrx_word' id='word_1_233' title='bbox 282 4243 403 4311; x_wconf 84' lang='lat' dir='ltr'><strong>cosque</strong></span> <span class='ocrx_word' id='word_1_234' title='bbox 430 4219 586 4285; x_wconf 81' lang='lat' dir='ltr'><strong>babuisse</strong></span> <span class='ocrx_word' id='word_1_235' title='bbox 606 4222 780 4311; x_wconf 87' lang='lat' dir='ltr'><strong>proprium</strong></span> <span class='ocrx_word' id='word_1_236' title='bbox 805 4243 914 4308; x_wconf 79' lang='lat' dir='ltr'><strong>genus</strong></span> <span class='ocrx_word' id='word_1_237' title='bbox 940 4218 1042 4284; x_wconf 84' lang='lat' dir='ltr'><strong>tubae</strong></span> <span class='ocrx_word' id='word_1_238' title='bbox 1067 4244 1089 4281; x_wconf 87' lang='lat' dir='ltr'><strong>u</strong></span> <span class='ocrx_word' id='word_1_239' title='bbox 1115 4243 1170 4284; x_wconf 90' lang='lat' dir='ltr'><strong>ce-</strong></span> 
     </span>
     <span class='ocr_line' id='line_1_32' title="bbox 84 4330 1168 4426; baseline 0.007 -31"><span class='ocrx_word' id='word_1_240' title='bbox 84 4350 236 4397; x_wconf 85' lang='lat' dir='ltr'><strong>terorum</strong></span> <span class='ocrx_word' id='word_1_241' title='bbox 261 4334 435 4422; x_wconf 86' lang='lat' dir='ltr'><strong>differens.</strong></span> <span class='ocrx_word' id='word_1_242' title='bbox 487 4339 578 4419; x_wconf 84' lang='lat' dir='ltr'><strong>Quae</strong></span> <span class='ocrx_word' id='word_1_243' title='bbox 606 4336 781 4426; x_wconf 86' lang='lat' dir='ltr'><strong>exscripsit</strong></span> <span class='ocrx_word' id='word_1_244' title='bbox 805 4335 932 4401; x_wconf 91' lang='lat' dir='ltr'><strong>Nonius</strong></span> <span class='ocrx_word' id='word_1_245' title='bbox 956 4360 991 4425; x_wconf 85' lang='lat' dir='ltr'><strong>p.</strong></span> <span class='ocrx_word' id='word_1_246' title='bbox 1010 4330 1066 4411; x_wconf 69' lang='grc'><strong>54,</strong></span> <span class='ocrx_word' id='word_1_247' title='bbox 1093 4360 1168 4403; x_wconf 83' lang='lat' dir='ltr'><strong>curu</strong></span> 
     </span>
     <span class='ocr_line' id='line_1_33' title="bbox 80 4449 1168 4539; baseline 0.003 -27"><span class='ocrx_word' id='word_1_248' title='bbox 80 4451 149 4512; x_wconf 76' lang='lat' dir='ltr'><strong>reri</strong></span> <span class='ocrx_word' id='word_1_249' title='bbox 177 4467 286 4512; x_wconf 83' lang='lat' dir='ltr'><strong>autern</strong></span> <span class='ocrx_word' id='word_1_250' title='bbox 312 4453 527 4539; x_wconf 78' lang='lat' dir='ltr'><strong>grammatici,</strong></span> <span class='ocrx_word' id='word_1_251' title='bbox 542 4450 702 4517; x_wconf 86' lang='lat' dir='ltr'><strong>Caesellii</strong></span> <span class='ocrx_word' id='word_1_252' title='bbox 717 4449 878 4528; x_wconf 89' lang='lat' dir='ltr'><strong>Vindicis,</strong></span> <span class='ocrx_word' id='word_1_253' title='bbox 894 4452 1067 4516; x_wconf 87' lang='lat' dir='ltr'><strong>sententiis</strong></span> <span class='ocrx_word' id='word_1_254' title='bbox 1085 4451 1168 4516; x_wconf 74' lang='lat' dir='ltr'><strong>Gel-</strong></span> 
     </span>
     <span class='ocr_line' id='line_1_34' title="bbox 81 4562 1167 4657; baseline 0.005 -30"><span class='ocrx_word' id='word_1_255' title='bbox 81 4563 144 4628; x_wconf 90' lang='lat' dir='ltr'><strong>lius</strong></span> <span class='ocrx_word' id='word_1_256' title='bbox 172 4562 228 4627; x_wconf 90' lang='lat' dir='ltr'><strong>illo</strong></span> <span class='ocrx_word' id='word_1_257' title='bbox 257 4564 364 4653; x_wconf 88' lang='lat' dir='ltr'><strong>capite</strong></span> <span class='ocrx_word' id='word_1_258' title='bbox 393 4567 589 4657; x_wconf 81' lang='lat' dir='ltr'><strong>composuit</strong></span> <span class='ocrx_word' id='word_1_259' title='bbox 618 4566 772 4631; x_wconf 87' lang='lat' dir='ltr'><strong>Ceterum</strong></span> <span class='ocrx_word' id='word_1_260' title='bbox 789 4564 1074 4657; x_wconf 82' lang='lat' dir='ltr'><strong>quemadmodum</strong></span> <span class='ocrx_word' id='word_1_261' title='bbox 1096 4564 1167 4632; x_wconf 88' lang='lat' dir='ltr'><strong>solo</strong></span> 
     </span>
    </p>
   </div>
   <div class='ocr_carea' id='block_1_5' title="bbox 82 4676 1168 4770">
    <p class='ocr_par' dir='ltr' id='par_1_5' title="bbox 82 4676 1168 4770">
     <span class='ocr_line' id='line_1_35' title="bbox 82 4676 1168 4770; baseline -0.001 -25"><span class='ocrx_word' id='word_1_262' title='bbox 82 4678 297 4745; x_wconf 88' lang='lat' dir='ltr'><strong>librariorum</strong></span> <span class='ocrx_word' id='word_1_263' title='bbox 323 4701 438 4745; x_wconf 86' lang='lat' dir='ltr'><strong>errore</strong></span> <span class='ocrx_word' id='word_1_264' title='bbox 462 4676 506 4749; x_wconf 88' lang='lat' dir='ltr'><strong>A.</strong></span> <span class='ocrx_word' id='word_1_265' title='bbox 532 4676 644 4745; x_wconf 79' lang='lat' dir='ltr'><strong>Attali</strong></span> <span class='ocrx_word' id='word_1_266' title='bbox 658 4678 954 4770; x_wconf 76' lang='lat' dir='ltr'><strong>Capitonisplinii</strong></span> <span class='ocrx_word' id='word_1_267' title='bbox 978 4679 1036 4746; x_wconf 84' lang='lat' dir='ltr'><strong>lib.</strong></span> <span class='ocrx_word' id='word_1_268' title='bbox 1055 4679 1168 4747; x_wconf 91' lang='lat' dir='ltr'>XVIII</span> 
     </span>
    </p>
   </div>
   <div class='ocr_carea' id='block_1_6' title="bbox 0 0 1414 5332">
    <p class='ocr_par' dir='ltr' id='par_1_6' title="bbox 0 0 1414 5332">
     <span class='ocr_line' id='line_1_36' title="bbox 0 0 1414 5332; baseline 0 2"><span class='ocrx_word' id='word_1_269' title='bbox 0 0 1414 5332; x_wconf 95' lang='lat' dir='ltr'><strong> </strong></span> 
     </span>
    </p>
   </div>
  </div>
 </body>
</html>
