2820 5332
237 692 310 764 466
459 719 525 764 viu.
552 719 594 761 oe
621 716 767 762 rvtetro
795 716 964 762 scenunvu
987 714 1108 759 ononut

239 889 538 955 Verumenimvero
565 913 652 981 quae
675 888 726 952 his
752 888 1000 954 continuantur:

262 1005 310 1071 30
362 1027 422 1070 en.
447 999 615 1090 Profecto
642 1026 713 1066 non
739 1001 873 1092 riegobo
899 1000 1036 1078 dobere,
1062 1019 1096 1069 et
1118 1001 1226 1069 dabo:

362 1119 397 1184 T
392 1143 413 1182 ιι
438 1142 518 1183 cave
544 1117 778 1210 qttadraginta
803 1117 971 1208 accepisse
996 1118 1076 1184 ltine
1102 1143 1148 1184 ne
1168 1141 1285 1208 neges.

360 1256 407 1301 ει.
437 1234 573 1324 Quaeso
600 1233 721 1324 edepol
743 1233 808 1297 leuc
832 1257 885 1297 me
919 1251 1059 1324 aspecta
1090 1251 1125 1300 et
1150 1235 1324 1327 responde

831 1348 921 1414 milti.

362 1465 409 1530 Te
433 1462 516 1527 velle
542 1486 680 1528 uxorem
703 1463 819 1529 aiebat
845 1482 902 1530 tuo
930 1481 1014 1530 nato
1039 1465 1140 1532 dare:

362 1578 449 1644 Ideo
477 1576 661 1667 aedificare
687 1579 750 1644 ltoc
773 1581 855 1646 velle
879 1579 996 1646 aiebat
1022 1584 1060 1646 in
1085 1587 1161 1649 ειιίε.

265 1696 309 1765 35
365 1712 426 1761 ΤΗ.
452 1696 521 1761 llic
547 1693 732 1783 aedificare
756 1696 846 1761 volni
860 1696 874 1761 l
924 1717 971 1764 et.
996 1701 1046 1763 sic
1070 1696 1160 1764 dien
1185 1701 1273 1767 milti.

364 1833 425 1875 Tu.
450 1811 521 1875 Hei
545 1809 640 1888 nelli,
667 1810 821 1902 disperii:
846 1815 934 1876 vocis
960 1835 1032 1878 iton
1052 1812 1161 1880 liabeo
1181 1821 1267 1881 satir

240 1954 269 1995 e.
280 1954 311 2018 q.
321 1951 360 1993 s.:
388 1926 469 1992 hacc
486 1927 584 2016 igitur
602 1926 699 2018 longe
713 1924 881 2017 longeque
897 1927 994 1991 etiem
1013 1929 1128 1995 maiori
1149 1928 1326 1998 offensioni

241 2060 328 2109 sunt.
380 2043 461 2108 Nam
488 2067 530 2106 ne
556 2043 591 2106 in
615 2040 795 2107 levioribus
818 2041 981 2121 haeream,
1009 2068 1141 2110 omnem
1167 2045 1324 2112 ordinem

242 2182 431 2226 sermonum
459 2158 576 2247 reique
600 2182 685 2248 quoe
708 2158 813 2249 agitur
831 2156 1086 2249 explicationem
1106 2183 1194 2253 nego
1209 2188 1228 2228 u
1245 2187 1329 2228 seno

240 2292 335 2366 poeta
371 2275 417 2338 sic
444 2272 657 2362 praecipitari
684 2274 839 2362 potuisse.
890 2275 1000 2365 Atque
1030 2293 1140 2356 acute,
1166 2293 1202 2342 ut
1227 2275 1328 2359 solet,

242 2387 327 2482 quid
351 2388 399 2453 rei
427 2404 513 2451 esset
538 2404 755 2479 perspexerat
778 2385 958 2467 Acitlnlius‚
986 2390 1170 2457 rectissime
1196 2391 1253 2458 ille
1278 2395 1331 2461 sic

245 2520 484 2571 commentatus
508 2504 616 2567 Dicin.
639 2528 673 2594 p.
699 2499 771 2571 ‘240
797 2504 912 2569 Grut:
938 2504 1099 2598 Sequitur
1121 2530 1227 2572 scena
1249 2510 1330 2575 Pe-

245 2623 305 2686 rit
325 2607 497 2684 lterclei
524 2623 560 2683 in
585 2643 652 2708 qna
677 2617 720 2682 de
746 2619 871 2683 lactina
891 2624 1220 2713 suspt'ceristinsignt
1244 2615 1330 2690 artie

246 2741 346 2802 t'stnm
374 2759 522 2800 versum:

368 2874 413 2917 st.
456 2851 590 2940 Quaeso
625 2849 746 2941 edepol
780 2849 844 2913 lntc
875 2875 926 2914 me
958 2869 1075 2943 specta
1101 2870 1135 2919 et
1160 2854 1330 2945 responde

739 2965 828 3030 milti.

248 3084 338 3149 Nam
363 3079 525 3171 abreptus
549 3104 659 3145 sermo
687 3081 833 3166 videtur,
869 3100 903 3147 et
929 3081 1056 3148 dehent
1080 3083 1151 3148 elia
1168 3108 1329 3174 praeces·
1397 3167 1400 3176 Ι

247 3203 351 3272 sisse,
389 3196 506 3286 qnibtts
538 3196 581 3259 ab
613 3203 755 3285 argenti
785 3196 957 3263 deditione
984 3198 1032 3263 ad
1056 3198 1190 3265 aedium
1216 3205 1330 3293 inspe-

251 3319 396 3379 ctionem
418 3312 548 3403 gredus
562 3311 646 3404 stet.
699 3312 836 3379 Scilicet
862 3313 905 3378 de
930 3315 1065 3379 aedinm
1081 3321 1250 3406 emptione
1275 3318 1327 3381 al-

253 3447 362 3494 terum
389 3429 611 3503 contendere,
638 3428 783 3493 alterum
799 3454 929 3519 negare
944 3434 1052 3522 prins,
1077 3433 1211 3523 aliaque
1229 3456 1330 3522 opor-

251 3549 315 3610 tuit
342 3547 484 3610 invicem
507 3568 626 3633 agere,
651 3569 751 3637 qnam
777 3545 824 3609 ad
847 3563 1034 3612 extremum
1053 3547 1116 3612 ltoc
1130 3546 1331 3613 delabercn-

249 3711 512 3724 ———————-

358 3796 405 3827 en.
433 3776 456 3826 A
479 3776 605 3826 Tranione
623 3774 720 3825 terno?
762 3795 796 3824 st.
825 3776 912 3839 Quid?
937 3776 1014 3827 multo
1034 3778 1062 3827 id
1080 3779 1178 3828 niatu:
1207 3791 1238 3828 nc
1256 3778 1332 3829 nimie

356 3872 482 3937 ineptiunt
500 3872 542 3938 qui
562 3871 594 3920 de
614 3869 746 3933 trisyllaba
773 3885 892 3921 mensure
922 3872 1047 3922 Tranioni
1073 3872 1170 3923 tonnae
1196 3874 1332 3923 somniant.

356 3966 418 4018 Nom
446 3966 518 4017 Most.
541 3967 570 4029 V,
589 3967 615 4029 2,
633 3966 666 4018 47
697 3981 745 4032 pro
766 3967 888 4018 Tranioni
907 3966 1004 4034 pridem
1028 3968 1121 4019 Tranio
1141 3967 1252 4019 dntitnn
1273 3970 1334 4020 nci-

357 4061 438 4112 dnlius
459 4063 583 4112 restituit:

431 4158 524 4207 Tranio
542 4157 641 4207 remitte
658 4170 750 4221 quaeso
769 4155 837 4207 lianc
855 4158 960 4208 aeciam
980 4174 1072 4209 canera
1089 4175 1165 4209 mea:

361 4251 456 4303 colluto
475 4252 576 4320 quidem
598 4251 641 4314 111,
660 4252 683 4314 1,
701 4251 752 4302 33:

429 4347 481 4398 Sctl
498 4346 677 4399 Philolachetis
698 4362 785 4396 eccum
805 4362 904 4398 tarnem
927 4349 1055 4398 Tranium.

359 4442 414 4494 Nisi
433 4443 500 4510 quod
523 4459 552 4492 ee
574 4442 654 4492 formo
672 4457 722 4490 uon
743 4455 758 4490 n
780 4441 887 4492 Tronias
906 4444 1064 4493 pontinatico
1082 4457 1137 4493 curn
1156 4441 1274 4492 Acidalio
1295 4442 1345 4492 du-

364 4536 443 4586 cende
466 4535 575 4598 videtur,
596 4537 640 4586 sed
661 4551 675 4585 n
698 4536 819 4586 Tranium
838 4544 937 4588 neutro.
975 4536 1037 4589 Num
1055 4545 1081 4588 ct
1102 4536 1261 4587 Callidamati
1283 4552 1345 4603 pro-

363 4634 431 4681 tecto
453 4641 478 4682 ct
501 4634 582 4700 mugio
610 4633 685 4682 etiem
704 4632 819 4682 dnnietnc
838 4633 960 4683 convenit
979 4633 1167 4700 hypocoristicn
1188 4632 1269 4683 formu
1293 4635 1347 4683 uti:

362 4727 425 4778 aler
442 4728 497 4779 ticli
515 4728 550 4778 tia
568 4729 635 4779 mein
656 4727 826 4790 Traniocietn
845 4729 890 4779 lec
907 4731 957 4780 tm'r
974 4732 1043 4782 mein
1064 4729 1129 4782 oete
1148 4729 1220 4780 nteit
1245 4729 1355 4783 tenenti.
