2820 5332
129 793 135 801 .
228 736 299 812 374
612 762 656 805 vt.
682 760 724 802 ne
751 729 928 804 versarere

228 936 367 1034 legitur:
403 930 479 1002 satis
510 935 599 1000 enim
632 950 758 1002 constat
791 956 1002 1027 praenomen
1029 935 1059 1000 ci
1084 933 1199 1002 inisse.
1216 935 1319 1014 cato,

231 1070 265 1120 et
288 1049 331 1118 A.
358 1048 443 1116 illud
471 1050 626 1116 omittunt
643 1050 738 1144 Regii
751 1050 903 1128 Broterii,
930 1046 1032 1115 codd.
1048 1049 1221 1117 llezzonici
1239 1076 1317 1118 cuna

231 1165 285 1238 ed.
312 1168 439 1260 princ:
465 1165 510 1230 ita
533 1189 600 1232 non
626 1166 728 1257 magis
754 1189 816 1232 nos
842 1165 964 1231 morari
991 1163 1074 1230 illud
1090 1183 1210 1256 potest,
1226 1167 1321 1260 quod

228 1282 264 1349 in
299 1279 440 1348 elencho
469 1278 545 1345 libri
573 1280 621 1345 111
657 1296 760 1347 exstat
785 1282 823 1346 L.
844 1276 949 1347 Ateio
976 1280 1164 1372 Capitone,
1206 1305 1246 1349 eo
1281 1280 1320 1348 id

228 1396 369 1491 quidem
402 1397 606 1487 suspectius,
645 1420 712 1488 quo
748 1397 894 1463 certiore
930 1394 1003 1488 lege
1031 1396 1065 1460 in
1097 1397 1149 1462 his
1178 1396 1317 1490 quidem

229 1509 377 1579 elenchis
411 1512 566 1577 binorum
605 1512 776 1578 nominum
812 1508 1039 1603 appellatione
1080 1537 1154 1580 sese
1189 1511 1318 1582 Plinius

230 1628 401 1697 continuit.
452 1628 504 1692 De
538 1651 605 1720 qno
635 1627 753 1694 moniti
779 1651 796 1692 a
822 1626 965 1719 Berghio
990 1650 1091 1717 snpra
1116 1615 1258 1696 diximus
1284 1656 1319 1723 p.

229 1738 288 1812 40.
344 1740 429 1807 Cum
466 1761 575 1809 autem
615 1739 648 1806 in
684 1740 828 1809 elencho
862 1738 942 1807 libri
972 1741 1103 1807 XXXII
1135 1746 1173 1810 L.
1198 1740 1321 1811 Ateius

192 1943 197 1951 1
229 1855 364 1937 redeat,
405 1856 448 1923 de
474 1856 609 1923 alterins
631 1875 741 1923 antean
768 1858 879 1938 Ateii,
917 1856 1120 1951 grammatici
1155 1858 1322 1955 Philologi

171 1977 172 1982 ’
231 1975 446 2068 cognomine,
484 1977 703 2067 praenomine
735 1973 872 2068 quidem
906 1973 1041 2040 aliunde
1066 1975 1150 2041 nihil
1177 1992 1321 2043 constet:

231 2089 347 2156 neseio
375 2114 415 2155 an
441 2089 498 2155 hic
523 2091 596 2181 ipse
609 2091 731 2156 Lucius
751 2088 851 2157 suerit
878 2107 1022 2169 vocatus,
1040 2088 1111 2155 illic
1133 2107 1243 2157 antem
1260 2116 1324 2184 pro

235 2202 286 2271 lt.
311 2201 414 2273 Ateio
442 2205 611 2297 Capitone
641 2204 884 2271 restituendum
917 2206 959 2271 sit
989 2207 1028 2274 L
1062 2211 1188 2282 Ateio,
1221 2204 1325 2273 Ateio

237 2317 426 2412 Capitone:
451 2338 632 2414 uterque
659 2322 774 2386 Ateius
801 2339 836 2386 ut
860 2318 1027 2388 hocloco
1054 2323 1135 2388 item
1160 2323 1325 2414 significa-

235 2447 287 2500 tus
319 2435 361 2501 sit
395 2453 494 2528 atquc
523 2433 601 2499 lihri
629 2433 677 2500 IV
703 2432 843 2500 elencho
868 2439 1066 2528 cognomine
1094 2455 1237 2530 utroque
1265 2438 1325 2504 ad-

233 2548 320 2617 iecto
347 2553 415 2618 sic:
457 2546 559 2617 Ateio
588 2550 769 2643 Capitone,
791 2547 893 2617 Ateio
915 2550 1108 2641 Philologo.

707 2753 770 2839 ,5.
799 2756 830 2820 7.

336 2886 482 2954 Semetis
509 2910 525 2950 a
552 2883 804 2950 scholiastarum
831 2881 1058 2950 Plautinorum
1091 2906 1232 2950 numero
1261 2888 1325 2953 Ca-

235 3027 300 3098 pro
328 3019 360 3068 ct
386 3000 485 3068 Celso
523 3018 650 3066 restant
681 2999 823 3066 Scaurus
859 3018 891 3065 et
918 2999 1065 3065 Sisenna.
1117 3001 1159 3066 Et
1184 3003 1222 3083 Q.
1249 3003 1323 3093 qui-

238 3118 318 3186 dem
345 3118 593 3182 Terentium
618 3114 824 3181 Scaurum
861 3141 901 3181 er
929 3114 1030 3182 Gellii
1053 3116 1148 3182 Nost.
1174 3119 1239 3181 Ate
1268 3117 1326 3196 Xl,

241 3237 286 3303 15
312 3234 464 3299 novimus
490 3230 730 3297 nobilissimum
752 3230 910 3296 Hadriani
937 3248 1042 3296 aetate
1068 3233 1326 3324 grammaticum,

240 3348 398 3415 Caesellii
439 3371 590 3413 errorum
627 3371 735 3410 acrem
769 3347 1016 3438 castigatorem.
1057 3345 1201 3412 cundem
1240 3354 1328 3413 artis

239 3467 487 3555 grammaticae
513 3478 683 3528 auctorem
709 3488 726 3526 e
755 3461 905 3528 Charisio
934 3488 966 3554 p.
994 3459 1145 3540 107,16.
1176 3465 1328 3542 110,11,

239 3597 419 3675 praetcrea
445 3579 533 3643 Artis
560 3579 712 3668 poeticae
741 3578 939 3643 Horatianae
966 3579 1186 3668 interpretem
1212 3602 1252 3643 ex
1269 3603 1328 3644 eo-

241 3699 322 3766 dem
348 3725 383 3790 p·
414 3699 493 3772 lS‘l.
521 3692 553 3762 ll·
583 3699 662 3775 188,
692 3700 745 3765 17.
796 3700 847 3762 Dc
874 3695 1066 3788 virgilianis
1095 3696 1210 3762 Scauri
1235 3720 1330 3761 corn-

239 3815 410 3885 tncntariis
438 3812 562 3877 dictum
590 3830 638 3877 est
664 3830 778 3877 antea:
812 3811 979 3879 Plautinos
1002 3814 1134 3878 nescire
1160 3837 1195 3877 se
1224 3812 1329 3878 lassus

241 3949 292 3999 est
317 3931 515 4020 Soringarus
542 3930 566 4009 I,
591 3956 612 4021 p
646 3931 690 4000 75
717 3954 765 4020 sq.
794 3954 860 4021 quo
886 3931 958 3993 iure
980 3929 1153 3994 Fabricius
1180 3929 1330 3994 hucret-

242 4046 381 4115 tulissct.
434 4047 512 4112 Eius
548 4063 662 4110 autem⁴
689 4044 904 4111 dubitationis
936 4068 1048 4110 caussa
1085 4069 1154 4110 non
1185 4044 1331 4111 initalia

240 4164 304 4228 nisi
332 4163 383 4227 rix
407 4161 600 4226 excusabilis
619 4161 726 4225 Rufini
742 4161 978 4227 Antiochensis
1004 4161 1167 4252 ignoratio
1194 4158 1248 4225 vel
1268 4184 1332 4251 po-

241 4280 305 4344 tius
340 4302 433 4342 rarus
464 4278 652 4342 Putsehiani
685 4277 804 4343 indicis
832 4276 992 4342 desectus.
1039 4273 1120 4344 Natu
1146 4301 1333 4368 propemo-

244 4393 323 4459 dum
349 4392 549 4459 incredibile
577 4413 643 4472 cst,
680 4396 737 4486 qui
764 4394 807 4458 dc
836 4392 1019 4460 scholiastis
1044 4393 1152 4458 latinis
1179 4395 1332 4460 scribere

242 4510 440 4589 instituerit,
478 4534 545 4574 non
586 4534 658 4574 csse
698 4511 748 4576 his
787 4507 970 4602 praeclaris
1017 4508 1125 4574 Rufini
1164 4513 1332 4601 excerptis

242 4650 347 4704 nsurn,
374 4623 416 4690 ad
429 4626 590 4692 Scaurum
617 4625 713 4691 simul
740 4646 773 4692 et
790 4626 963 4693 Sisennam
989 4627 1226 4718 spectantibus,
1242 4654 1330 4721 quae

243 4765 269 4839 e
287 4765 320 4835 p.
347 4743 440 4816 2711
469 4744 504 4812 P.
530 4740 582 4810 vel
605 4739 676 4813 381
704 4741 805 4811 Gaisf.
830 4743 1132 4837 transscripsimns:
