2820 5332
339 1823 398 1898 na
421 1825 585 1903 riavn
612 1827 792 1903 rosana
817 1829 1072 1904 nonnnvs.
1221 1804 1231 1817 ”

614 2051 805 2062 ι--σ-..ιι-

489 2255 914 2331 CAPVT1·*)

153 2522 157 2526 Δ
256 2438 345 2504 Cum
373 2437 533 2504 sescentis
561 2438 725 2532 exemplis
751 2437 959 2507 intellectum
983 2443 1033 2520 sit,
1061 2465 1079 2507 c
1105 2441 1252 2536 quantil-

157 2545 198 2619 lis
233 2550 447 2620 librariorum
489 2553 661 2618 erroribus
702 2573 899 2646 quantarum
920 2579 1031 2627 rerum
1054 2556 1138 2624 fides
1164 2583 1252 2650 pen-

160 2665 242 2735 dero
269 2667 391 2746 soleat,
428 2684 496 2734 tum
522 2690 609 2734 noro
634 2667 719 2734 iliud
743 2668 945 2737 documento
972 2660 1144 2738 declarare
1171 2672 1254 2740 licet

158 2785 322 2876 imprimis
349 2783 503 2876 apposito
531 2781 573 2847 ad
597 2781 891 2875 persuadendum,
927 2784 1019 2877 quod
1047 2785 1183 2877 quidem
1211 2784 1255 2851 ad

159 2899 268 2990 ipsum
296 2896 447 2963 Plautum
475 2914 611 2988 spectat.
664 2898 761 2962 Hunc
797 2899 883 2961 enim
906 2914 1039 2989 poetam
1068 2916 1196 2964 constat
1219 2902 1256 2965 iu

161 3009 271 3076 multis
299 3009 395 3076 libris
419 3036 498 3077 mss.
525 3028 558 3076 et
581 3010 709 3102 aliquot
731 3011 900 3103 impressis
926 3036 993 3078 non
1008 3010 1161 3078 Plautum
1187 3013 1255 3082 dici

162 3125 376 3216 simpliciter,
417 3123 478 3191 scd
512 3124 664 3190 Plautum
689 3128 894 3193 Asinium.
949 3128 1051 3193 Cuius
1077 3130 1128 3193 rei
1155 3144 1269 3196 testes

162 3229 546 3306 nolumusambitiosius
573 3229 759 3332 congerere
788 3260 939 3307 cunctos:
978 3229 1043 3305 'sed
1078 3257 1189 3307 tamen
1222 3221 1259 3308 ut
1303 3240 1319 3269 ‘

163 3353 331 3446 aliquanto
353 3353 470 3446 plures
499 3379 572 3420 esse
598 3354 762 3446 appareat
797 3381 895 3446 quam
920 3378 1006 3446 quos
1033 3354 1112 3421 olim
1135 3355 1197 3422 bac
1223 3359 1259 3424 in

164 3494 276 3534 caussa
304 3471 562 3536 memoravimus
602 3471 689 3539 Mus.
725 3468 842 3562 philol.
885 3469 989 3534 Rhcn.
1022 3469 1080 3551 IV,
1115 3494 1149 3562 p.
1176 3469 1257 3552 163,

164 3581 318 3649 addimus
353 3609 445 3650 nunc
478 3585 652 3675 Langianis
687 3583 860 3652 codicibus
886 3601 919 3650 et
944 3587 1040 3651 Parei
1065 3585 1214 3655 Palatino
1242 3588 1258 3653 I
1320 3651 1322 3654 ,

164 3697 210 3780 (n.
248 3696 357 3781 1616)
397 3698 539 3764 aiterum
574 3697 757 3764 Palatinum
797 3723 832 3766 n.
864 3697 978 3779 1617,
1014 3699 1260 3768 vindobonen-

163 3860 232 3902 scm
254 3809 362 3960 yffi,
396 3839 593 3906 Vaticanum
620 3840 726 3918 2831,
760 3839 958 3906 Vrbiuatem
985 3839 1075 3919 655,
1115 3837 1260 3905 Alexan·
1394 3830 1406 3844 ’

166 3984 300 4051 drinum
331 3989 442 4066 1680,
480 3954 722 4080 Angelicanum
750 3963 792 4050 T.
819 3987 852 4056 6.
882 3990 946 4063 11,
983 3983 1261 4052 Barberinianum

169 4091 273 4170 1442.
302 4100 393 4166 XVI.
421 4105 456 4166 B.
487 4108 526 4182 1,
565 4103 772 4168 Marcianum
810 4101 884 4165 XH.
919 4102 983 4178 30,
1022 4095 1260 4164 Ambrosianus
1372 4114 1374 4120 '

165 4214 204 4280 H.
230 4217 315 4286 203.
343 4239 427 4307 sup,
451 4216 474 4280 Ι.
501 4219 560 4288 69.
589 4242 661 4308 sup.
715 4216 772 4282 Sat
803 4214 955 4307 proiecto
991 4213 1112 4278 mirum
1137 4235 1261 4278 nomeu

166 4329 199 4393 in
228 4353 281 4410 eo,
309 4331 368 4424 qni
393 4355 459 4399 nec
482 4330 581 4397 fuerit
604 4330 647 4397 de
661 4332 774 4396 Asinio
800 4346 908 4421 gente,
933 4350 999 4394 nec
1017 4327 1149 4392 Asinius
1162 4324 1278 4394 Plau..

166 4460 217 4509 tus
242 4463 392 4525 vocetur,
419 4443 482 4512 scd
506 4447 638 4515 inverso
666 4444 786 4512 ordine
806 4442 939 4509 Plautus
959 4440 1099 4512 Asinius.
1127 4441 1262 4509 Etcum

164 4557 269 4625 altera
298 4583 340 4626 ex
365 4577 462 4654 parts
488 4563 621 4627 moneri
648 4561 763 4653 possit,
796 4561 830 4624 in
853 4556 946 4625 nullo
973 4582 1120 4652 unquam
1145 4553 1262 4625 codice

174 4684 470 4702 m*

236 4738 264 4800 ’ὶ
280 4732 386 4786 uuam
404 4747 429 4786 ι.
448 4747 681 4799 ossismorum„—
