2820 5332
82 25 492 137 ]ἓὶίᾏᾌῦ
427 25 464 77 ἦ
467 26 520 85 'tri
523 46 614 148 Ἢν·
602 37 704 98 'tt
698 26 825 75 ¹³3

266 785 306 825 XX
702 783 891 828 ΡΙΑΕΡᾸΤΙΟ.

266 980 329 1048 pro
364 980 491 1022 cavea
527 953 624 1034 dieta,
655 954 690 1019 id
721 980 858 1046 prorsus
895 956 966 1020 sinc
1001 954 1157 1048 exemplo
1185 981 1257 1023 csse
1281 958 1352 1024 iure.

268 1080 327 1120 suo
362 1053 578 1120 utar-ktandus
612 1071 644 1120 et
674 1054 816 1121 Wolfius
849 1072 1057 1124 annotarunt.
1112 1058 1254 1129 Rectius,
1289 1059 1351 1123 sed

242 1155 405 1220 ‘molesta
432 1152 642 1244 loquacitate,
675 1154 817 1245 scriptor
841 1152 929 1218 illius
956 1153 1122 1230 orationis,
1157 1182 1256 1247 quern
1281 1181 1351 1223 uon

269 1277 341 1318 usse
365 1254 562 1318 Ciceronem
599 1269 726 1317 certum
761 1268 823 1330 est,
853 1253 899 1317 sic
927 1254 955 1328 δ.
979 1249 1042 1320 ‘262
1082 1253 1144 1320 Illi
1165 1278 1281 1319 servos
1305 1255 1350 1320 de

266 1376 394 1416 cavea
426 1354 521 1416 exire
553 1348 725 1414 iubebant:
761 1366 798 1415 tu
828 1355 864 1415 in
885 1350 1071 1417 alteram
1101 1376 1216 1418 serras
1241 1359 1349 1421 immi·

266 1455 354 1525 sisti,
379 1475 424 1515 ea·
448 1450 600 1514 altera
625 1449 749 1514 liberos
773 1453 911 1515 eiecisti.

364 1560 397 1622 Ρ,
415 1564 477 1621 228
502 1574 520 1612 a
554 1549 651 1615 nobis
683 1547 843 1614 defensae
876 1552 1070 1627 sententiae,
1101 1576 1167 1643 qua
1199 1553 1349 1615 curatius

267 1647 377 1714 editos
404 1646 513 1726 ludos,
535 1671 618 1737 quos
645 1649 779 1713 Tacitus
805 1646 896 1725 dicit,
922 1649 1131 1741 interpretati
1157 1672 1277 1713 sumus·
1294 1674 1346 1715 ac·

268 1748 410 1813 calcatius
446 1769 573 1837 graeco
611 1768 704 1812 more
741 1745 854 1824 laetos,
894 1770 1047 1836 graecum
1078 1767 1186 1813 autem
1220 1771 1348 1812 tuorem

265 1863 400 1938 praeter
433 1864 546 1912 cetera
571 1842 615 1910 ad
641 1844 800 1938 gradus
826 1844 1001 1911 theatrales
1027 1865 1095 1912 tutu
1121 1848 1264 1939 primum
1291 1871 1349 1911 ex-

267 1961 409 2011 structos
433 1943 631 2025 rettulimus,
657 1968 724 2009 nou
745 1942 959 2010 mediocriter
971 1946 1043 2036 ipse
1060 1946 1232 2037 Augustini
1249 1945 1349 2010 verba

266 2044 387 2120 lavent,
422 2045 542 2135 quibus
579 2041 738 2109 destructi
768 2043 885 2110 Nasica
917 2061 1052 2110 auctore
1079 2044 1197 2110 theatri
1222 2067 1348 2109 memo-

264 2145 348 2207 riam
374 2144 406 2228 (a
433 2143 529 2210 nohis
547 2172 577 2233 p,
594 2156 658 2215 213
684 2165 757 2233 sqq.
777 2139 986 2233 explicatam)
1005 2144 1052 2209 sic
1072 2141 1347 2234 comprehendit:

267 2265 403 2306 caveam
434 2241 563 2307 theatri
594 2257 752 2306 senatum
773 2256 971 2305 construere
995 2241 1188 2306 molientem
1213 2239 1257 2305 ab
1281 2241 1346 2305 ltac

267 2339 488 2431 dispositione
514 2356 549 2405 et
574 2339 759 2431 cupiditate
782 2343 992 2431 compescuit,
1018 2344 1252 2432 persuasitque
1266 2364 1347 2404 ore-

267 2444 361 2504 tione
395 2442 622 2529 gravissima,
640 2463 684 2503 rte
712 2461 924 2527 graecam
949 2438 1170 2504 bercariam
1197 2438 1347 2505 virilibus

263 2543 400 2628 patriae
436 2537 583 2603 moribus
617 2553 843 2628 paterentur
854 2536 1016 2628 obrepere
1049 2553 1084 2603 et
1116 2536 1164 2601 ad
1189 2527 1347 2603 uirtutem

265 2636 546 2721 labefactandam
558 2636 853 2726 enervandamque
872 2637 1063 2703 Rornanam
1079 2661 1158 2728 per
1165 2660 1346 2727 agrariae

266 2742 461 2801 consentire
490 2739 681 2828 nequitiae
712 2751 909 2825 tantumque
933 2740 1141 2801 auctoritate
1166 2736 1279 2807 valuit
1308 2754 1345 2802 ut

266 2840 337 2900 eius
374 2834 482 2902 verbis
508 2852 674 2900 carnmotu
699 2839 876 2899 certatoria
899 2834 1117 2950 praesidentia
1142 2839 1246 2899 etiam
1266 2830 1346 2900 sub·

265 2935 316 2999 sel
316 2936 372 3010 ba,
404 2934 521 3025 quibas
551 2933 599 2998 ad
628 2935 748 3000 lteram
773 2938 945 3024 congestis
971 2937 1006 2998 in
1033 2933 1189 2998 ludorum
1212 2950 1347 3024 specte-

265 3034 339 3098 culo
374 3037 441 3097 iam
469 3037 524 3123 ‘uti
548 3037 666 3098 civitas
693 3050 863 3124 coeperat,
889 3032 1046 3124 deinceps
1069 3031 1265 3123 probiberet
1284 3057 1346 3125 ap-

261 3136 354 3224 poni.
394 3134 486 3215 Quae
512 3132 624 3197 nescio
654 3158 692 3195 an
721 3158 759 3196 er
786 3133 888 3221 ipsius
911 3134 992 3196 Livii
1011 3131 1097 3197 libro
1120 3132 1270 3198 XLVIII.
1284 3158 1348 3223 pe-

182 3292 187 3301 ,
263 3234 318 3296 tita
345 3232 417 3296 sint.
453 3230 539 3296 Vide
567 3253 688 3309 auteur,
715 3256 812 3322 quum
839 3231 971 3322 egregie
995 3249 1138 3296 nostram
1155 3229 1346 3304 desccnn,

195 3335 198 3347 '
263 3356 410 3408 cavea,
436 3327 659 3421 gradibus,
684 3327 934 3408 subselliis,
960 3353 1173 3395 consessu
1198 3327 1347 3420 disputa·

262 3432 386 3494 tionem
413 3427 467 3492 illa
496 3428 709 3494 confirment:
741 3451 913 3492 caveam
939 3429 1145 3506 tbcatri-,
1166 3445 1199 3492 et
1221 3427 1348 3493 subsel-

263 3529 323 3602 lia,
356 3525 472 3619 quibus
503 3525 551 3590 ad
584 3527 702 3591 boram
728 3531 907 3616 congestis.
934 3551 962 3591 e.
983 3553 1016 3619 q.
1034 3552 1069 3607 s,
1095 3531 1235 3618 apponi:
1268 3529 1350 3594 item

263 3652 361 3718 quam
387 3649 522 3716 prorsus
548 3623 647 3702 idem,
672 3642 771 3716 utque
798 3627 1011 3705 nost-9118,
1035 3626 1078 3692 de
1099 3628 1220 3693 caussis
1240 3643 1274 3691 et
1292 3652 1347 3692 re-

264 3725 407 3791 tionibus
444 3724 530 3788 illius
566 3726 745 3789 severitatis
783 3725 980 3815 Augustinus
1011 3727 1161 3801 senserit,
1200 3725 1251 3791 liis
1288 3723 1346 3791 illc

265 3824 377 3890 verbis
414 3848 579 3916 pergens:
622 3824 761 3912 Quarrto
798 3823 911 3888 studio
947 3829 1011 3888 istc
1047 3824 1090 3889 ab
1129 3822 1210 3890 urbe
1235 3823 1346 3889 Rotae

266 3921 364 3988 ludos
399 3926 488 4012 ipsos
521 3927 674 3986 scerticos
699 3921 903 4000 abstulisset,
935 3928 968 3987 si
990 3927 1193 3989 auctoritati
1216 3946 1344 3998 eornm,

267 4046 350 4115 quas
371 4020 451 4086 deos
475 4020 632 4114 putabat,
659 4025 816 4086 resistere
840 4022 992 4100 auderet,
1019 4047 1100 4114 qrtos
1128 4047 1199 4088 esse
1224 4026 1346 4087 noxios

268 4121 451 4205 dctemancs
478 4143 548 4185 nou
572 4119 799 4210 intelligebat,
824 4139 884 4186 aut
905 4126 937 4187 si
960 4122 1187 4214 intelligebat,
1200 4122 1345 4214 placau-

270 4220 332 4285 dos
346 4225 460 4285 etiem
486 4224 555 4311 ipse
575 4223 810 4313 potiusquam
835 4222 1102 4286 contemnendos
1127 4223 1208 4287 deos
1227 4224 1347 4286 existi-

270 4319 394 4384 mabat.
420 4355 466 4368 -
491 4355 535 4366 -·
552 4321 709 4385 Ceterum
724 4320 874 4383 Mummii
902 4319 944 4384 de
962 4323 1122 4387 Corintho
1143 4321 1348 4412 triumphum

270 4418 309 4482 ad
336 4444 456 4483 annuam
483 4417 551 4486 607
582 4419 690 4510 Capit
714 4419 875 4484 referenti
898 4436 999 4508 pout
1024 4446 1075 4512 sq.
1111 4421 1291 4486 haerebunt
1315 4420 1350 4483 iu

271 4519 429 4583 memoria
463 4520 615 4608 Eutropii
648 4517 749 4582 verba
775 4517 831 4595 lV,
865 4516 924 4584 tlt:
959 4520 1043 4584 Tres
1072 4518 1196 4583 Romae
1220 4517 1352 4583 simul

274 4614 482 4681 celeberrimi
514 4616 675 4706 triurnpbi
689 4619 851 4701 fuerunt,
876 4614 1043 4702 Africani
1066 4643 1110 4683 ea·
1134 4619 1260 4705 Africa

273 4716 407 4784 Metelli
429 4740 473 4781 ex
498 4715 705 4783 Macedonia
821 4718 976 4782 Mummii
1000 4743 1044 4783 ec
1069 4717 1245 4788 Corintbo.
1282 4719 1349 4783 Lo-
