2820 5332
1068 415 1076 430 .
1186 402 1193 411 0

396 728 415 769 1.
450 728 491 771 oe
516 731 630 773 rttvrr
661 731 785 774 rorate
814 732 1008 775 uoututrvs.
1197 703 1240 774 41

157 901 264 965 rarius
288 924 385 990 qnam
419 897 628 992 Αἰσχύλος,
661 900 869 995 Σοφοκλῆς,
904 893 1115 983 Εὐριπίδης,
1152 896 1245 992 Ἀρι-

158 1010 348 1106 στοφάνης
375 1017 461 1081 inter
486 1041 520 1081 se
549 1035 729 1107 permutata
755 1036 890 1083 constat.

261 1131 419 1195 Ceterum
455 1131 598 1222 simplici
628 1132 769 1197 Plautus
810 1135 941 1197 nomine
973 1132 1045 1222 ipse
1077 1156 1110 1195 se
1146 1147 1242 1220 poeta

130 1304 138 1319 ,
163 1243 248 1310 dixit
272 1268 311 1308 co
341 1244 587 1335 epigrammate,
611 1245 701 1337 quod
728 1273 746 1311 c
771 1248 928 1312 Varronis
955 1245 1041 1311 libro
1069 1245 1110 1309 dc
1137 1247 1245 1336 poetis

161 1361 272 1453 primo
299 1358 480 1424 Gellius
507 1361 532 1437 Ι,
557 1360 603 1427 ‘24
629 1361 794 1452 prodidit:

211 1478 397 1568 Postquam
422 1493 474 1540 cst
488 1493 630 1540 mortem
657 1494 755 1567 aptus
775 1473 931 1552 Plautus,
957 1474 1132 1541 comoedia
1150 1477 1243 1567 luget

213 1589 327 1657 Scene
352 1589 498 1655 deserta.
526 1589 607 1654 dein
633 1596 733 1665 risus,
756 1591 854 1656 ludus
879 1597 1034 1682 iocurque

216 1707 260 1772 Et
288 1709 422 1770 uttrueri
446 1710 618 1772 innumeri
637 1702 738 1770 simul
757 1729 873 1772 omues
900 1708 1195 1772 collacrumaruut.

163 1825 254 1905 Quos
282 1847 395 1886 versus
414 1820 615 1887 incredibile
640 1822 729 1886 «lictu
757 1843 806 1888 est
832 1843 952 1915 quanta
979 1824 1162 1888 tenteritate
1190 1848 1246 1886 ve·

163 1939 269 2003 xarint
295 1935 605 2028 absurdissimisque
631 1940 864 2004 mutationibus
892 1941 1119 2031 corruperint,
1146 1940 1246 2005 immo

163 2077 300 2144 prorsus
323 2054 549 2142 perverterint
584 2077 650 2119 non
678 2056 770 2118 Parei
797 2071 919 2120 tautum
948 2072 1047 2143 caput
1073 2054 1245 2118 hebetissi-

163 2193 264 2247 mum,
291 2167 348 2232 sed
378 2170 473 2233 etiam
502 2166 737 2261 divinitugcnii
766 2172 897 2236 criticus
924 2165 1149 2251 Acidalius*):
1177 2192 1244 2258 quo

162 2284 318 2347 nituirum
355 2307 421 2349 nou
450 2284 664 2359 hexametris,
701 2283 760 2349 scd
789 2288 925 2350 senariis
959 2286 1020 2350 sibi
1056 2301 1245 2376 parentaret

161 2415 271 2489 poeta.
324 2399 422 2479 Quasi
458 2425 535 2463 vero
575 2425 640 2464 nitri
680 2402 840 2490 potuerit,
874 2401 1020 2492 quamvis
1045 2400 1174 2465 diverso
1209 2403 1242 2463 in

165 2538 291 2604 genere
312 2514 433 2578 versari
461 2511 586 2593 solitus,
612 2515 706 2579 etiam
733 2513 775 2579 ad
799 2516 862 2580 ltoc
880 2512 1062 2604 ‘aliquando
1091 2532 1243 2604 tanquam

161 2626 366 2693 ludibundus
392 2627 563 2704 accedere,
590 2628 680 2719 quod
703 2627 839 2721 quidem
866 2633 897 2693 iu
923 2630 1047 2694 Latium
1076 2631 1116 2692 ab
1135 2629 1242 2693 Ennio

164 2739 317 2807 tralatum
349 2760 435 2808 esset
468 2742 499 2806 h.
534 2770 562 2810 e.
589 2744 630 2807 ab
666 2769 705 2808 eo
735 2762 846 2835 poeta,
875 2766 1016 2834 quocum
1046 2769 1106 2833 per
1131 2743 1244 2832 viginti

165 2883 324 2923 annorum
351 2859 490 2949 spatium
518 2857 613 2922 simul
642 2858 764 2923 Romae
788 2856 920 2922 Plautus
947 2855 1053 2948 degit:
1090 2855 1123 2920 id
1151 2855 1244 2948 quod

164 2990 254 3038 recte
281 2973 434 3037 Osaunus
462 2974 633 3064 perspexit
662 2972 756 3037 Auel.
783 2999 818 3065 p.
846 2976 901 3042 37.
952 2973 995 3037 Et
1021 2972 1105 3040 circa
1133 2974 1242 3063 ipsum

166 3088 248 3153 ritae
280 3088 378 3153 linem
409 3090 610 3183 epigramma
640 3088 759 3155 l'actum
797 3113 868 3155 esse
903 3087 1060 3178 sepulcro
1091 3086 1244 3152 inciden-

161 3201 251 3280 dum,
277 3206 344 3269 veri
373 3204 448 3269 satis
473 3221 522 3268 est
546 3201 662 3269 similo.
699 3207 903 3296 Quanquam,
930 3203 1153 3296 utlargiemur
1176 3228 1242 3267 uon

160 3315 268 3385 rideri
290 3316 371 3385 tales
396 3343 553 3398 versus-a
579 3318 693 3386 Plauto
714 3321 866 3411 scriptos,
892 3344 1003 3384 nonne
1027 3322 1110 3384 barac
1136 3320 1240 3410 ipsam

160 3432 272 3500 Gellio
298 3459 442 3500 caussam
470 3433 569 3499 fuisse
595 3453 753 3526 apparet,
784 3459 843 3500 cur
868 3459 904 3498 sc
932 3432 1168 3507 dubitaturum,
1201 3458 1242 3498 an

162 3547 265 3613 Platrti
294 3549 496 3640 epigramma
522 3565 618 3627 essct,
645 3549 706 3614 nisi
733 3549 841 3614 Varro
868 3546 1083 3639 prodidisset,
1107 3546 1243 3638 prolite-

162 3662 276 3728 retur?
304 3697 346 3708 -
376 3663 532 3729 Ceterum
556 3663 810 3755 perscripsimus
832 3663 892 3729 bos
916 3688 1037 3740 versus,
1065 3662 1180 3754 quales
1207 3663 1241 3726 in

162 3778 404 3870 antiquissimis
445 3779 560 3870 eisque
600 3780 717 3870 optimi
754 3777 854 3846 Gellii
891 3777 1063 3846 codicibus
1104 3794 1242 3854 exstant,

160 3895 181 3960 i.
209 3920 236 3960 e.
261 3895 295 3959 in
318 3895 489 3975 Vaticau0,
512 3895 614 3986 Regio
632 3913 731 3987 atquc
751 3892 1033 3975 Rottendorbano,
1060 3893 1122 3958 nisi
1149 3889 1241 3983 quod

159 4009 352 4102 proSccua
376 4026 428 4075 est
452 4007 591 4075 deserta
612 4011 653 4075 ab
673 4010 800 4078 Orellio
828 4009 898 4077 Ecl.
924 4009 978 4076 lat„
1006 4036 1039 4101 p.
1066 4010 1137 4076 ‘258
1160 4009 1243 4070 asci-

160 4138 230 4148 --
236 4138 291 4145 ’-ω
297 4138 334 4145 -—.
341 4140 349 4144 -
360 4139 408 4146 --.-

210 4187 236 4258 “)
249 4188 305 4251 ,Qui
325 4188 375 4238 buc
394 4204 497 4256 quoque
518 4189 550 4240 bl.
573 4191 667 4239 Attium
686 4191 785 4240 invexit
803 4187 993 4255 incomparabili
1015 4194 1174 4237 commento:

351 4275 484 4341 Postquam
504 4277 606 4328 Mareu*
624 4277 707 4328 ditius
725 4276 830 4327 rtrum
846 4286 882 4327 ert
902 4278 1052 4326 demortuus.

186 4415 190 4421 ,
262 4363 373 4415 Mortem
388 4365 470 4432 apisci
488 4365 536 4415 etsi
555 4364 659 4416 insolite
675 4365 768 4415 dictum
788 4372 836 4427 est,
855 4373 937 4415 tantun
959 4363 1020 4430 quid
1042 4363 1067 4411 in
1086 4377 1117 4411 eo
1136 4375 1242 4428 genero,

259 4450 327 4517 quod
346 4459 447 4517 spectat
464 4451 495 4501 ad
517 4453 568 4501 vim
591 4460 617 4503 et
635 4469 707 4503 usum
720 4451 911 4511 rtrcubulorum,
930 4452 1030 4517 priscae
1050 4450 1125 4500 aetati
1146 4448 1242 4499 latinae

258 4536 363 4604 linguae
382 4537 492 4600 licuerit,
511 4554 561 4588 non
584 4539 618 4589 ita
639 4556 706 4590 nuuc
724 4539 823 4590 deliniri
844 4546 937 4604 potest,
957 4545 984 4587 ut
1003 4538 1029 4587 in
1045 4535 1104 4587 talia
1124 4535 1240 4587 severius

257 4624 442 4676 consulendum
459 4628 512 4677 uit.
554 4625 586 4676 Et
616 4626 696 4677 multo
725 4635 794 4676 certo
825 4627 908 4676 minus
936 4624 1024 4676 Plauto
1056 4623 1158 4693 quidem
1190 4635 1240 4686 ego

257 4720 340 4762 morte
362 4712 437 4764 dates
455 4712 597 4779 tribuerim,
614 4714 681 4782 quod
700 4713 816 4781 plurimis
834 4711 938 4780 placuit.
