2820 5332
673 322 678 335 Ι
1370 39 1402 331 Ι

245 671 315 737 500
463 690 530 732 rin.
558 689 599 731 ne
622 687 768 731 mairo
797 687 965 732 sornrrrrr
993 686 1116 732 erutas

244 863 324 929 vicia
352 860 545 928 continuari.
595 815 697 949 niqui
722 857 848 924 Tranio
873 858 916 923 ab
938 856 1033 923 initio
1058 853 1261 923 clamentem
1283 859 1339 925 ir-

243 977 335 1045 ridet
360 994 482 1043 tautum
511 1002 538 1042 v.
565 972 630 1043 60:
667 970 814 1039 danistae
844 991 953 1039 autem
985 995 1184 1065 responsum
1216 996 1338 1039 meum

240 1109 320 1185 peto
348 1111 382 1159 et
403 1090 539 1158 brevius
564 1105 615 1155 est
639 1113 704 1154 nee
727 1090 804 1154 satis
826 1087 931 1168 sorte,
968 1113 1068 1181 qnam
1104 1110 1172 1179 qno
1198 1089 1245 1155 ite
1269 1086 1336 1157 ille

244 1207 481 1285 exacerbetur,
519 1223 555 1271 ut
579 1204 644 1268 iam
668 1201 713 1269 de
741 1200 908 1295 placando
940 1201 1149 1269 faeneratore
1181 1225 1333 1294 prorsus

241 1325 305 1391 sibi
347 1318 594 1414 desperandum
634 1316 805 1409 intelligat.
874 1319 962 1411 Ergo
1005 1316 1114 1384 altero
1156 1315 1333 1385 versiculo

242 1436 389 1531 quodam
413 1433 528 1502 addito
554 1432 644 1499 velut
676 1436 709 1498 in
740 1433 830 1500 hune
856 1430 993 1500 modum
1013 1432 1203 1524 perrexisse
1228 1429 1334 1499 dani-

242 1571 323 1622 stam
352 1553 513 1618 arbitror:
557 1574 561 1583 '

1033 1685 1140 1728 rreum
1159 1679 1255 1756 peto,

339 1784 555 1874 Pergameae
581 1780 729 1847 claruere
754 1801 857 1871 usqne
881 1777 961 1844 dem
984 1778 1065 1859 binc
1089 1802 1267 1870 accepero.

242 1898 377 1965 Deinde
402 1915 510 1963 autern
542 1895 617 1961 fieri
647 1894 768 1986 nequit
803 1912 859 1975 ut,
882 1910 1058 1986 postquam
1085 1895 1211 1962 Tranio
1236 1895 1332 1962 raibil

241 2014 322 2079 binc
333 2018 440 2100 ferre
461 2015 592 2104 poteris
617 2009 709 2089 dixit,
735 2035 907 2102 paucaque
932 2009 1018 2076 haec
1043 2008 1181 2077 adiecit:
1207 2034 1256 2077 are
1282 2037 1329 2087 eo

239 2128 482 2223 progrediere,
508 2143 546 2192 ot
571 2126 663 2192 illem
688 2126 828 2191 exulare
853 2150 979 2217 cogas,
1005 2127 1163 2193 continuo
1186 2151 1226 2192 ae
1251 2128 1329 2194 sine

242 2243 309 2310 ulla
343 2268 455 2310 caussa
489 2243 523 2306 in
557 2243 756 2309 contrariam
787 2261 916 2335 partem
950 2241 1038 2308 flexo
1066 2241 1195 2321 animo,
1227 2242 1330 2335 quod

241 2357 343 2428 modo
369 2359 511 2451 negavit,
537 2355 624 2424 ultro
648 2356 772 2435 offerat,
795 2375 921 2423 sortem
946 2381 1008 2449 pro
1035 2357 1167 2425 faenore
1190 2361 1329 2448 sperari

239 2476 358 2542 iubens
385 2502 413 2546 v.
441 2476 503 2544 70:
538 2477 620 2567 quin
652 2490 780 2539 sortem
807 2470 1031 2567 pollicebitur.
1090 2473 1212 2541 Contra
1234 2473 1326 2539 nibil

241 2607 323 2682 puto
359 2588 594 2668 desiderabis,
633 2590 660 2653 si
696 2589 873 2656 Tranionis
906 2588 1176 2682 interrogationi:
1206 2587 1329 2655 urbem

206 2750 213 2763 ·
242 2706 325 2772 exul
348 2704 480 2794 linquat
492 2707 660 2790 fteenoris
686 2728 806 2769 caussa
831 2705 906 2770 tei?
946 2703 1009 2770 tale
1043 2703 1204 2797 quiddam
1228 2703 1330 2771 dani·

243 2840 290 2889 sta
313 2823 485 2898 atrociter,
519 2821 612 2885 utin
640 2821 710 2884 eius
728 2818 886 2907 ‚indolem
912 2821 1084 2900 convenit,
1117 2822 1328 2919 reposuerit:

339 2936 418 3010 Pol,
444 2933 543 2999 modo
570 2938 617 2998 mi
639 2951 822 3024 argentum
844 2933 991 3010 reddat,
1015 2932 1206 3028 abeatque
1235 2935 1327 3002 velit.

243 3052 340 3119 Nunc
366 3069 498 3126 autem,
537 3049 592 3115 ubi
620 3049 738 3115 senen-a
765 3049 809 3116 de
836 3047 1039 3117 Philolachis
1064 3049 1156 3116 abitu
1177 3052 1325 3119 mentio·

243 3191 321 3232 neni
346 3189 381 3231 se
408 3166 561 3231 iniecisse
590 3168 714 3230 Tranio
737 3163 924 3247 intellexit,
963 3164 1005 3230 ad
1029 3164 1201 3233 lenitatem
1228 3185 1325 3233 recte

242 3281 347 3360 redit,
382 3281 508 3374 aliquid
542 3297 630 3348 certe
665 3280 821 3373 flagitanti
854 3285 1050 3373 praestitum
1082 3282 1122 3346 iri
1153 3279 1324 3362 simulans,

243 3398 339 3463 sortis
365 3395 574 3465 solutionem.
626 3392 665 3459 ld
689 3393 846 3462 camille
871 3412 1058 3464 recusasset
1075 3395 1236 3463 etsaenus
1256 3422 1321 3490 pe-

243 3512 353 3577 tisset:
379 3510 576 3602 simulatque
602 3510 689 3579 abr
706 3510 841 3578 reddite
866 3529 1104 3604 argentum
1129 3510 1221 3592 dixit,
1250 3515 1323 3580 eius

183 3672 185 3678 ·
242 3627 333 3693 vocis
358 3625 568 3718 ambiguitate
603 3643 699 3691 utens
729 3629 853 3694 Tranio
885 3628 964 3696 ilico
990 3644 1118 3695 sortem
1141 3629 1187 3693 ait
1206 3632 1326 3719 accipe

244 3743 276 3809 b.
296 3768 322 3810 e.
350 3740 524 3834 argentum
548 3740 685 3835 quidem
714 3743 796 3809 nibil
825 3761 875 3810 est
901 3768 960 3810 cur
985 3745 1219 3837 nonaccipias,
1243 3771 1325 3812 nam

244 3861 341 3927 sortis
368 3857 556 3925 redditione
582 3859 645 3925 iem
676 3879 769 3926 antea
803 3861 982 3953 significavi
1007 3885 1107 3952 posse
1140 3862 1200 3927 tibi
1228 3865 1325 3929 satis-

244 3973 326 4039 fieri.
378 3973 423 4037 lta
452 3972 590 4065 quidem
612 3976 729 4040 iterata
749 3973 861 4066 aliquo
885 3973 1058 4042 intervallo
1073 3977 1171 4043 sortis
1197 3978 1324 4043 mentio

244 4113 313 4155 non
338 4087 439 4154 modo
466 4087 548 4153 nibil
575 4087 760 4169 molestiae,
783 4089 844 4158 sed
868 4089 1008 4158 multum
1034 4093 1157 4183 gratiae
1184 4108 1217 4158 et
1242 4117 1325 4159 eon-

244 4204 408 4287 cinnitatis
436 4203 546 4270 habet.

339 4323 450 4411 Atque
481 4316 525 4385 de
553 4318 603 4383 his
631 4317 768 4412 quidem
792 4317 920 4388 duabus
943 4320 1216 4407 dubitationibus,
1240 4352 1324 4419 quas

243 4432 384 4501 duorum
412 4460 565 4500 versuum
589 4434 776 4503 adiectione
793 4441 975 4506 removisse
992 4440 1151 4521 videmur,
1172 4466 1327 4535 quocun-

244 4574 308 4642 que
336 4547 436 4614 medo
462 4549 643 4628 iudicabis,
670 4569 795 4617 tantum
822 4578 1015 4644 persuasum
1042 4556 1168 4623 babere
1194 4561 1326 4649 poteris

243 4663 366 4748 (scions
394 4667 482 4733 enim
509 4660 670 4751 affirmo),
708 4666 777 4734 sola
807 4671 1063 4761 transpositione
1100 4697 1217 4741 eorum
1249 4699 1325 4742 rer-
