2820 5332
211 648 293 722 360
614 676 656 719 vt.
677 675 719 717 os
742 675 917 720 versarer-s

214 851 361 928 Probus,
388 830 536 917 Donatus
561 848 758 917 scholiastae
784 848 990 917 Terentiani.
1036 807 1177 942 Reliqua
1211 875 1310 944 qnat-

220 983 296 1036 tuor
323 983 398 1032 sunt
423 966 502 1031 artis
525 967 736 1057 scriptorum,
763 991 780 1030 a
808 965 929 1056 quibus
955 963 999 1030 de
1022 984 1173 1031 veterum
1192 972 1310 1037 metris

218 1100 395 1174 poctarum
433 1079 584 1148 similiter
621 1080 709 1148 dicta
735 1099 935 1173 reppererat
959 1100 1060 1173 atque
1087 1109 1104 1147 a
1131 1083 1309 1166 Diomede,

218 1197 383 1277 Varrone,
422 1198 584 1274 Clrarisio,
622 1198 740 1264 Caesio
766 1202 878 1275 Basso,
905 1198 1029 1289 Capro,
1055 1199 1164 1264 Mario
1191 1196 1309 1267 Victo-

217 1315 302 1392 rino,
328 1315 532 1379 Terentiano
553 1316 683 1393 liuore,
722 1314 813 1393 Iuba,
839 1315 1017 1381 Firmiano.
1064 1316 1115 1379 Ae
1139 1314 1308 1382 Caecilius

218 1428 355 1520 qtridcm
384 1428 451 1514 (vel
474 1429 610 1496 Caelina
637 1428 793 1496 editionis
819 1426 1001 1513 Venetae),
1037 1448 1087 1496 est
1111 1429 1168 1495 ille
1194 1432 1306 1522 potius

222 1543 405 1612 Caesellius
433 1543 585 1625 Vindex,
618 1546 711 1613 cuius
744 1570 812 1613 nou
850 1570 957 1639 pauca
994 1544 1179 1638 fragmenta
1213 1546 1307 1638 apud

218 1657 375 1740 Gellium,
393 1661 590 1739 Charisium,
604 1662 811 1729 Priscianum
825 1681 963 1742 exstant,
985 1679 1116 1753 sumpta
1138 1687 1174 1727 ea
1196 1664 1306 1729 omnia

218 1793 254 1841 ut
287 1776 419 1842 videtur
449 1803 467 1842 e
493 1775 689 1844 Stromateo
732 1776 849 1863 (Prisc.
874 1777 941 1856 Vl,
968 1773 1001 1869 p'.
1029 1775 1188 1855 685,11.
1222 1777 1305 1859 696,

219 1897 264 1961 12
289 1885 352 1972 Ρ.1,
380 1918 463 1984 quos
490 1893 744 1959 commentarios
771 1892 869 1958 suisse
895 1918 958 1983 per
974 1893 1098 1961 litteras
1126 1891 1307 1984 dispositos

218 2024 253 2075 et
277 2011 310 2074 in
338 2008 485 2086 totidem,
512 2029 597 2103 quot
620 2026 696 2075 sunt
720 2008 859 2085 litterae,
886 2007 991 2076 libros
1018 2009 1190 2075 distinctos
1215 2009 1306 2075 Cha-

217 2126 315 2191 risius
333 2123 433 2190 sulem
447 2124 526 2191 lacit
547 2153 580 2218 p.
595 2126 679 2206 213,
694 2125 758 2192 30:
787 2141 824 2190 ut
843 2125 1029 2191 Caesellius
1041 2123 1181 2195 Vindex
1206 2123 1263 2191 lit.
1276 2127 1310 2191 B

218 2238 354 2305 litterae
379 2237 515 2304 scriba:
542 2260 632 2332 etp.
662 2237 742 2318 176,
765 2239 826 2306 32:
853 2237 939 2304 libro
966 2241 995 2305 L
1020 2240 1157 2304 litterae
1176 2238 1219 2321 *).
1246 2240 1308 2305 Ni-

154 2395 158 2404 ·
216 2352 276 2418 hili
303 2374 411 2422 autem
439 2374 490 2420 est
506 2354 623 2421 Cinna
633 2356 883 2448 'grammaticum
907 2354 999 2447 quod
1017 2378 1136 2422 nomeu
1154 2379 1193 2420 ax
1206 2379 1307 2444 prae-

218 2471 340 2559 gressis
366 2470 503 2564 syllabis
529 2469 680 2538 Sisenna
713 2471 804 2537 vocis
837 2487 965 2536 ortum:
996 2461 1096 2563 atque
1132 2471 1227 2537 abest
1262 2470 1306 2534 ab

220 2587 367 2653 editIoue
394 2587 533 2654 Veneta.
565 2585 633 2653 Sed
653 2583 787 2661 Albini,
815 2612 915 2678 quem
941 2588 1115 2654 Putschius
1144 2611 1216 2656 esse
1243 2584 1303 2651 Al-

219 2705 351 2766 cuinum
378 2702 534 2794 putabat,
571 2701 692 2767 librum
726 2726 823 2794 quem
848 2701 891 2767 de
918 2708 1036 2769 metris
1060 2706 1196 2795 scripsit
1220 2727 1304 2767 uuus

218 2834 459 2883 commemorat
480 2819 644 2885 Maximus
656 2818 849 2904 Victorinus
872 2815 914 2883 de
940 2843 1042 2884 carm.
1068 2819 1139 2884 her.
1158 2844 1190 2909 p.
1212 2820 1308 2893 1959

217 2937 252 2998 P.
279 2933 351 3002 289
376 2931 475 2999 Lind.
524 2930 675 3001 Plinium
699 2931 850 3025 intelligo
872 2950 927 2998 aut
951 2931 1115 2999 librorum
1138 2932 1181 3000 de
1202 2931 1307 2996 dubio

219 3072 374 3124 sermone
401 3067 456 3114 aut
475 3047 640 3114 Naturalis
663 3047 822 3115 historiae
850 3049 1065 3138 scriptorem,
1103 3051 1137 3114 in
1172 3074 1236 3140 qua
1263 3045 1308 3111 de

217 3164 342 3231 Plauto
354 3179 459 3255 poeta
473 3161 622 3256 loquitur
639 3165 763 3243 XVIII,
777 3189 804 3229 c.
817 3169 871 3231 11.
886 3161 934 3247 ⁴⁸⁴)
962 3165 1119 3256 Denique
1136 3183 1308 3254 postrema

219 3280 328 3346 Rufini
365 3281 465 3346 verba
492 3282 540 3345 sic
565 3277 851 3369 redintegramus:
898 3280 1113 3354 Euanthius,
1136 3278 1309 3347 Sacerdos

219 3400 279 3486 aui
309 3412 343 3460 et
372 3392 525 3470 Plotius,
558 3398 737 3476 Donatus,
763 3395 861 3462 Iarba.
911 3394 1029 3462 Nullus
1064 3420 1211 3487 unquam
1246 3396 1307 3461 fuit

217 3512 399 3578 Euanthius
415 3512 597 3596 Sacerdos,
619 3540 734 3580 verum
760 3515 870 3581 Marii
892 3514 1001 3581 Plotia·
1024 3510 1223 3580 Sacerdotis
1248 3538 1307 3577 ex.

216 3671 520 3688 m

272 3746 299 3807 ‘J
316 3741 390 3793 adde
408 3758 433 3810 p.
451 3741 502 3795 93:
541 3743 638 3795 Vindea
656 3743 681 3795 A
710 3746 811 3798 litteras
828 3744 871 3796 tit.
890 3746 906 3798 l
923 3754 995 3796 notat
1024 3744 1165 3797 secandum
1188 3742 1306 3794 codicem

314 3845 361 3879 ms.
383 3863 417 3871 —-
447 3830 566 3882 Ceterum
589 3845 694 3897 prorsus
721 3831 828 3887 eandem
857 3831 889 3883 do
907 3831 1038 3884 Caesellio
1056 3832 1209 3886 sententiam
1227 3831 1304 3882 docta
1357 3889 1360 3897 ¹

316 3917 481 3968 annotatione
510 3918 628 3971 Osannus
657 3920 775 3985 exposuit
803 3918 885 3970 altero
912 3918 1044 3969 volumine
1069 3919 1246 3984 Symbolarom
1270 3919 1303 3968 ad

314 4003 373 4055 lrist.
401 4004 448 4056 litt.
472 4005 514 4056 Gr.
544 4015 570 4057 et
599 4007 642 4057 lat.
673 4013 709 4072 (a.
734 4007 800 4059 1839
818 4007 900 4073 edito)
919 4023 944 4073 p.
963 4006 1016 4058 329
1036 4022 1074 4074 sq.
1111 4007 1192 4069 Quem
1210 4005 1301 4056 librum

314 4094 414 4143 arnolti
433 4094 459 4143 iu
482 4094 532 4145 itae
549 4095 737 4147 dissertationis
756 4103 862 4145 testatos
881 4110 949 4144 eram
976 4109 1035 4145 soro
1059 4094 1090 4145 ad
1109 4110 1157 4144 uos
1177 4093 1303 4160 perlatura

312 4194 381 4240 esse,
401 4186 440 4246 (ut
458 4180 520 4234 nihil
538 4182 598 4232 inde
614 4183 731 4238 utilitatis
750 4197 842 4248 capere
862 4183 1046 4253 potuerimus),
1076 4189 1160 4236 tamen
1180 4181 1228 4232 boc
1251 4197 1301 4231 ue-

313 4265 399 4331 glccto
428 4269 572 4319 testimonIo
603 4285 635 4320 an
662 4269 809 4320 addubitato
836 4269 971 4323 Lersclrius
1000 4269 1027 4319 io
1045 4269 1113 4320 [liar.
1138 4269 1216 4336 antiq.
1236 4269 1301 4318 stud.

310 4369 334 4410 a.
356 4355 420 4407 1811
441 4373 467 4423 p.
491 4358 573 4419 troo,
599 4357 642 4407 ubi
673 4359 705 4407 de
725 4355 855 4408 Caesellio
884 4357 968 4407 dedita
987 4372 1064 4423 onera
1083 4372 1163 4423 agens
1183 4371 1230 4406 nos
1250 4358 1301 4407 int,

309 4451 416 4509 pugnat,
436 4461 476 4498 ane
495 4447 598 4511 scripsit
619 4447 692 4512 sequi
714 4444 851 4495 Ossaeam.
883 4436 964 4507 Quem
986 4446 1011 4494 la
1031 4461 1063 4494 co
1081 4461 1149 4494 nunc
1169 4460 1232 4495 sane
1254 4461 1300 4494 se-

310 4545 387 4597 quor,
416 4532 483 4597 quod
506 4532 658 4584 Caesellium
675 4548 722 4599 pro
741 4531 854 4583 Caecilio
884 4532 989 4593 Vindice
1007 4534 1082 4583 etiarn
1100 4531 1168 4600 apud
1189 4531 1300 4584 Cassio-

308 4616 396 4669 dorum
418 4618 530 4670 Petschii
556 4635 582 4687 p.
603 4619 672 4674 2317
690 4618 874 4670 restituendum
893 4619 978 4671 credo.

243 4706 283 4774 ⁰)
301 4704 451 4776 Quanquam
469 4709 545 4762 ctiam
562 4709 588 4761 ia
609 4708 673 4763 l'lirr.
692 4707 773 4777 lipia.
792 4707 813 4774 l,
833 4704 865 4762 16
882 4706 981 4778 aliquid
1000 4716 1040 4761 est
1057 4703 1215 4761 huiusmodi.
1241 4707 1255 4776 ,t
