2820 5332
434 664 601 707 rasurum
630 661 829 710 unsverein.
1103 641 1174 711 52l

92 858 165 903 rem
197 831 341 899 evadere
376 857 568 900 sermonem
599 835 767 900 sentimus.
832 833 1026 924 Expetlmus
1060 832 1175 902 saltem

93 949 228 1042 quidem
254 948 474 1040 particulam:
508 965 589 1017 surtt
619 973 704 1042 qrtos
730 953 903 1040 suspicor,
938 972 1078 1044 qnorum
1103 955 1177 1045 qui·

95 1065 174 1131 dem
199 1063 347 1130 indolem
368 1081 581 1157 perspectam
606 1089 678 1130 non
706 1065 826 1134 labeo.
852 1102 903 1121 -ν
927 1068 1051 1132 Harum
1078 1069 1178 1160 igitur

95 1181 260 1245 rationum
286 1178 500 1246 meditatione
521 1179 693 1245 fatendum
721 1198 770 1246 est
792 1181 890 1247 facile
909 1182 1100 1274 quempiam
1114 1204 1180 1250 nee

96 1295 247 1386 profecto
273 1311 403 1361 temere
428 1297 463 1360 in
489 1322 560 1362 eam
587 1297 810 1388 suspicionem
845 1296 985 1377 adduci,
1021 1316 1055 1363 ut
1088 1297 1178 1366 hune

95 1433 230 1502 quoque
257 1435 389 1476 versum
414 1412 450 1476 in
476 1413 621 1503 proximi
648 1413 839 1478 societatem
855 1412 1084 1480 asciscendum
1103 1436 1176 1480 eum

97 1548 206 1616 eoque
232 1550 296 1589 una
323 1526 565 1592 exturbandum
591 1528 793 1607 arbitretur,
821 1530 1028 1620 quantumvis
1055 1554 1118 1621 per
1143 1553 1179 1595 se

94 1642 203 1732 proba
229 1641 355 1732 singula
380 1644 445 1708 siut
470 1660 502 1708 et
529 1640 677 1735 qualibet
707 1641 891 1710 offensione
916 1669 1027 1713 vacue.
1072 1646 1179 1728 Quem

93 1757 130 1820 in
155 1771 283 1846 partem
308 1756 392 1823 illud
418 1761 528 1851 ipsum
553 1757 664 1857 valere
690 1776 811 1849 potest,
839 1759 930 1850 quod
956 1757 1179 1827 insolitasane

99 1869 323 1962 discrepantia
336 1871 367 1957 *)
402 1874 436 1938 in
471 1873 543 1939 aliis
570 1873 664 1939 libris
694 1897 765 1938 nou
789 1899 947 1965 possum,
971 1877 1006 1940 in
1032 1873 1103 1942 aliis
1130 1893 1181 1944 eet

100 2012 240 2080 nequeo,
268 1984 360 2080 quod
383 1988 531 2082 quidem,
554 2008 591 2056 ut
615 1991 728 2057 versui
755 1989 1004 2072 consuleretur,
1031 2016 1093 2084 pro
1120 1990 1179 2059 illo

99 2103 217 2168 inferri
242 2083 351 2196 potuit
375 2103 467 2170 velut
493 2130 532 2170 ex
558 2106 730 2176 Asinariae
757 2104 1008 2191 recordatione,
1044 2109 1079 2172 iu
1114 2134 1180 2200 qua

99 2236 150 2284 est
174 2218 198 2297 l,
229 2224 257 2296 1,
289 2217 350 2287 19:
380 2218 474 2310 Quid
494 2225 581 2286 istuc
604 2225 659 2300 sit,
686 2237 746 2288 aut
769 2219 827 2287 uti
850 2225 936 2287 istuc
957 2226 1016 2296 sit,
1046 2200 1178 2315 nequeo

98 2357 251 2398 noscere.
303 2336 385 2400 Nam
410 2361 485 2402 cum
510 2337 544 2401 iu
570 2354 690 2428 poetae
715 2335 860 2404 lectione
889 2339 964 2403 satis
991 2338 1080 2403 bene
1106 2364 1180 2405 ver-

99 2469 185 2515 satos
212 2450 435 2516 Plautinarum
462 2450 646 2516 fabularum
668 2450 928 2543 interpolatores
953 2454 1045 2544 ipsae
1064 2478 1181 2520 eorum

98 2565 374 2657 interpolationes
400 2565 565 2657 produnt:
592 2585 659 2633 tum
686 2592 730 2633 ue
757 2567 1015 2633 Ambrosianum
1043 2572 1182 2662 quidem

98 2680 222 2749 librum
248 2681 289 2748 ab
325 2680 552 2773 interpolandi
583 2683 780 2776 contagione
814 2708 1058 2778 usquequaque
1095 2684 1182 2751 libe-

100 2822 174 2861 rum
202 2821 272 2862 esse
299 2799 488 2864 certissimis
517 2796 681 2891 exemplis
704 2798 852 2864 docetur.
898 2801 1044 2864 Tantum
1071 2819 1185 2867 eutem

100 2932 190 2984 extra
218 2915 476 2980 controversiam
501 2915 646 3005 positum
673 2937 746 2980 esse
771 2932 940 3004 putamus,
975 2914 1058 2980 nihil
1086 2917 1182 3009 quie·

100 3056 199 3120 quam
233 3029 461 3097 desideratum
495 3031 537 3095 iri
564 3030 629 3096 hoe
661 3028 799 3122 quidem
829 3030 1070 3097 sententiarum
1102 3056 1183 3099 con·

101 3146 168 3215 eise
191 3164 223 3210 et
248 3146 391 3238 graviter
416 3169 491 3211 sese
517 3146 753 3238 excipientium
782 3163 918 3212 tenore:

200 3260 300 3341 Sunt,
324 3285 407 3353 quos
431 3265 501 3326 scio
528 3285 601 3326 esse
617 3265 760 3345 amicos3
786 3278 876 3340 sunt,
902 3284 986 3355 quos
1006 3244 1205 3354 respicens

197 3375 268 3443 Sed
292 3393 328 3441 tu
351 3400 396 3442 ex
420 3379 537 3442 amicis
561 3380 664 3442 certis
690 3380 737 3442 mi
757 3401 793 3441 es
819 3381 1043 3443 certissumus.

198 3492 299 3560 Nolui
325 3494 422 3560 nimis
450 3511 544 3565 caute
569 3489 801 3574 dissimulare,
827 3491 920 3594 quod
947 3517 1062 3564 sensus
1090 3518 1183 3563 meus

114 3677 345 3696 --—--—·v

162 3795 187 3862 ⁶)
204 3791 273 3860 Ergo
295 3807 347 3844 nou
365 3791 427 3845 eatis
447 3797 502 3842 tuto
518 3789 586 3842 Triu.
605 3789 648 3854 lv,
665 3790 691 3853 2,
709 3790 761 3841 ts:

263 3877 266 3884 ¹
694 3883 747 3937 nisi
763 3886 855 3932 omnen
869 3882 954 3950 petris

298 3980 385 4044 Dira,
401 3996 455 4033 nes
471 3987 615 4035 nemum
629 3992 732 4046 possum
748 3978 810 4028 istos
829 3975 957 4040 lomnes,
976 3990 1038 4043 quos
1056 3983 1084 4027 te
1103 3990 1184 4044 quee-

791 4071 877 4122 citou

208 4168 340 4225 lenissime
359 4169 458 4237 ulloqui
475 4165 669 4223 medicinales
686 4166 722 4221 eti
744 4163 849 4221 licebit:
880 4166 980 4230 Dices,
995 4183 1094 4234 emo
1111 4170 1186 4218 erdu-

205 4272 290 4316 strare
311 4265 372 4315 istos
390 4264 503 4319 honines
520 4278 544 4314 e.
566 4279 592 4332 q.
611 4278 632 4313 ι.
675 4260 793 4319 ilumeris
820 4262 869 4317 etsi
895 4261 1055 4319 Hermerotis
1073 4262 1120 4317 tu
1137 4276 1186 4336 pro

203 4363 266 4417 utos
287 4359 401 4425 reposito
422 4357 570 4422 consuluit,
589 4362 675 4408 temen
694 4357 784 4410 nescio
803 4371 836 4408 an
856 4373 908 4408 uno
926 4358 1082 4425 transposito
1103 4373 1184 4411 voca·

100 4463 113 4522 jv
207 4452 270 4509 bulo
287 4460 359 4504 recte
379 4454 472 4517 omnia,
490 4460 517 4506 et
534 4455 592 4503 sine
610 4449 662 4502 ulla
682 4452 822 4524 asperitate
839 4452 953 4523 quidem,
975 4453 1014 4504 sic
1031 4454 1188 4521 procedant:

299 4547 389 4613 Dices,
406 4564 459 4601 een
474 4562 576 4623 pesum
594 4551 656 4603 utu
673 4555 819 4601 muers
836 4546 959 4613 mnes,
979 4564 1041 4618 ques
1059 4557 1088 4603 te
1104 4551 1187 4620 quel-

797 4645 870 4698 sirac
