2820 5332
155 657 227 732 526
470 685 510 726 tx.
563 684 605 726 un
629 682 918 729 tursarouartoua

159 858 222 922 cim
249 854 389 936 litterae,
416 873 591 948 quaesunt
613 859 751 922 ratione
768 855 923 936 debuisti,
950 857 1122 928 sufficiant.
1151 856 1254 952 Ergo

153 975 280 1039 inserto
304 974 521 1063 pronomine,
552 971 644 1064 quod
671 971 882 1039 librariorum
907 972 1034 1039 incuria
1060 972 1251 1065 permultis

155 1085 318 1178 exemplis
346 1085 492 1167 excidit,
521 1092 569 1153 sic
592 1086 650 1152 illa
675 1087 884 1180 redintegra:
922 1111 1007 1178 quos
1033 1086 1251 1154 deuotione

155 1208 200 1268 ei
223 1200 379 1268 debuisti.
414 1201 545 1293 Prologi
568 1229 596 1268 v.
627 1205 670 1269 15
697 1228 772 1269 cum
799 1200 988 1297 vulgaretur
1010 1201 1104 1270 Dedi
1127 1229 1248 1271 meam

155 1335 325 1409 gnatam,
364 1334 457 1383 recte
492 1315 582 1382 idem
616 1342 801 1410 pronomen
830 1342 888 1385 suo
923 1317 999 1385 loco
1027 1320 1248 1388 Hermannus

153 1435 318 1511 restitnit,
356 1457 422 1498 nec
448 1432 686 1499 Ambrosianus
724 1450 850 1499 tantum
884 1457 975 1499 nunc
1006 1432 1091 1499 illud
1117 1419 1259 1515 tuetur(

155 1547 216 1614 sed
241 1558 425 1613 monstrare
453 1549 551 1612 etiam
575 1548 681 1613 Vetus
709 1547 875 1613 Palatinus
901 1547 1034 1639 pridem
1070 1565 1246 1639 potuerat,

157 1665 191 1730 in
215 1685 281 1755 qno
309 1679 358 1728 est
383 1661 562 1727 dediemed
586 1679 742 1754 gnatum.
781 1660 939 1728 Eiusdem
966 1664 1155 1729 Trinummi
1184 1666 1247 1744 IV,

161 1785 191 1858 l,
217 1780 264 1848 85
301 1776 380 1844 libri
419 1777 599 1844 exhibent:
642 1777 837 1843 iamdudum
869 1773 1018 1844 ebriust:
1048 1782 1061 1843 ll
1095 1776 1246 1871 Quidvis

155 1892 305 1988 probare
327 1890 467 1986 poterit.
511 1895 587 1961 Non
614 1894 679 1960 hoc
705 1911 824 1974 autem,
850 1893 911 1959 sed
939 1892 1027 1959 aliud
1056 1898 1244 1962 sententiae

150 2011 241 2076 'ratio
267 2011 385 2102 poscit,
411 2008 503 2102 quod
531 2010 676 2074 sentiens
701 2009 909 2075 Hermaunus
932 2007 1077 2101 probari
1094 2013 1240 2103 scripsit.

160 2124 230 2192 Sed
255 2150 297 2190 ne
323 2125 356 2190 id
383 2125 519 2217 quidem
545 2127 622 2191 satis
648 2143 714 2191 est:
743 2124 952 2192 confidenter
978 2150 1108 2192 meeum
1136 2151 1243 2219 repo-

157 2266 209 2320 ne,
236 2266 302 2333 quo
325 2237 395 2332 ipsa
419 2239 577 2331 probare
603 2239 707 2307 forma
732 2240 900 2320 ducimur,
932 2240 1073 2331 Quidvis
1094 2242 1246 2334 probari

157 2361 196 2422 ei
217 2359 355 2448 poterit.
405 2354 566 2422 Tollendi
592 2356 697 2421 hiatus
725 2356 884 2433 conssul,
913 2360 946 2434 2,
977 2360 1041 2424 121
1070 2357 1240 2422 Herman-

158 2496 219 2537 nns
245 2472 412 2537 inserebat
437 2472 509 2549 illi,·
540 2469 601 2537 sed
631 2470 824 2538 credibilius
848 2488 898 2537 est
924 2489 1000 2562 post
1025 2466 1156 2536 dotem
1183 2499 1244 2539 ex·

162 2586 283 2654 cidisse
310 2591 357 2652 ei:

186 2721 188 2724 ’
263 2703 360 2793 Quae
378 2697 462 2766 mibi
477 2700 687 2781 ntandatast,
713 2699 832 2782 lta'beo,
856 2700 970 2767 dotem
993 2706 1028 2768 ei
1042 2697 1133 2768 rioilo
1152 2703 1241 2770 dem.

157 2821 276 2884 Parum
302 2820 407 2884 bonos
433 2835 589 2884 accentus
618 2817 708 2882 idem
738 2819 778 2896 ll,
802 2816 898 2895 ί1,86
924 2817 1089 2883 toleravit:

242 2928 369 3001 -Mitta
390 2950 442 2999 est
466 2957 572 3026 opera
597 2927 697 3023 opu's
717 2933 889 3025 steturae,
923 2928 981 3024 qui
1012 2959 1048 2999 se
1070 2930 1237 3025 fictordm

752 3047 877 3117 bonum

263 3157 366 3232 Vitae
391 3162 554 3253 agundae
581 3187 652 3228 esse
678 3157 818 3254 e'xpett't.

161 3282 198 3344 ln
226 3280 447 3345 Ambrosiano
475 3277 592 3344 codice
618 3280 708 3343 inter
734 3302 839 3370 opera
860 3303 974 3345 vocem
1002 3296 1034 3344 et
1057 3296 1072 3344 t
1097 3278 1241 3345 litteram

160 3397 249 3461 vocis
264 3393 427 3485 ficturos
444 3396 553 3459 notavi
580 3418 698 3459 novem
726 3392 887 3459 decemve
918 3393 1102 3461 litterarum
1138 3399 1242 3487 spatia

163 3535 257 3576 esse:
296 3536 313 3575 e
341 3533 408 3601 quo
435 3507 597 3601 colligere
624 3509 705 3575 licet
728 3511 888 3602 scriptum
916 3512 1061 3576 extitisse
1095 3506 1243 3576 Milton

162 3648 267 3717 opera
291 3629 335 3690 ei
358 3618 440 3715 tipus
454 3622 664 3713 ficturae.*)
716 3626 785 3691 Nisi
812 3623 946 3717 quidem
975 3628 1015 3691 ab
1043 3630 1115 3718 ipso
1142 3644 1243 3717 poeta

162 3747 258 3810 etiam
301 3741 483 3835 elegantius
515 3742 562 3808 sic
598 3741 682 3807 haec
718 3741 878 3808 collocata
916 3741 1026 3808 suere:
1066 3735 1178 3810 Multo
1211 3749 1245 3808 ei

162 3882 267 3951 opera
292 3874 343 3924 est
368 3853 626 3950 o'pusficturae.
671 3855 828 3923 Eiusdem
847 3856 1114 3950 pronominis'*)
1143 3860 1242 3924 etiam

159 4027 273 4036 ...ὑ-

221 4120 245 4189 ⁸)
263 4117 353 4170 Eidem
375 4136 436 4187 opus
453 4120 511 4170 roci
529 4105 602 4170 suum
622 4127 755 4170 accentum
775 4121 850 4171 etiarn
869 4119 903 4183 11,
924 4118 950 4183 4,
969 4119 1003 4171 83
1022 4119 1115 4170 redde:

357 4214 396 4265 De
416 4215 471 4266 do'te
487 4225 514 4266 st
531 4217 624 4280 uideat,
643 4216 703 4282 quid
719 4218 789 4282 farto
810 4233 871 4285 opos
888 4216 929 4266 sit.
968 4214 985 4268 '1
1001 4215 1082 4266 modu.

266 4309 314 4360 Vbi
336 4309 455 4377 vulgatur
475 4312 535 4378 quid
548 4328 609 4380 opus
625 4312 657 4362 sit
674 4314 753 4377 facto.

115 4393 117 4397 ¹
201 4407 253 4476 ’·“)
270 4407 406 4458 Trinummi
425 4406 458 4471 11,
477 4408 503 4471 2,
520 4408 555 4460 8³
579 4422 636 4458 cum
654 4408 681 4458 iu
698 4406 869 4459 Ambrosiaoo
887 4404 953 4457 libro
974 4408 1033 4474 quoi
1050 4415 1075 4457 tu
1094 4421 1141 4473 pro
1157 4409 1248 4474 quoius

266 4510 362 4552 exstet:

362 4597 427 4660 Quoi
446 4605 472 4647 tu
486 4600 621 4664 spartarum
639 4595 751 4647 tolerare
770 4597 835 4652 cis?
852 4595 954 4664 loquere
972 4597 1097 4649 audacter
1113 4599 1186 4665 putri
1196 4616 1204 4647 :

174 4698 179 4703 '
265 4693 453 4743 consectarium
479 4699 519 4744 est
547 4689 662 4743 ciusdem
688 4707 782 4744 scenae
810 4693 927 4745 versibus
946 4695 980 4748 0'3
999 4703 1024 4745 et
1043 4694 1079 4747 96
1106 4695 1249 4745 cimices·
