2820 5332
780 426 785 435 ,
1200 426 1204 429 .

379 445 390 456 ἡ

533 514 543 526 Ι

398 774 430 818 ιι.
453 774 495 817 nu
521 773 648 819 serare
677 775 806 820 rusvrt.
956 749 960 754 ’
1104 754 1153 826 67

66 941 165 1008 facile
191 941 357 1033 quispiam
384 942 538 1013 coniiciat
573 969 616 1009 ex
639 944 709 1009 eius
736 963 948 1022 correctura,
983 946 1042 1039 qui
1075 971 1159 1014 eun-

67 1057 146 1124 dem
172 1082 349 1123 numerum
376 1059 410 1122 iu
436 1056 701 1124 Tusculanarum
727 1059 822 1124 initio
848 1062 912 1125 sibi
937 1058 1061 1127 iectnm
1088 1085 1160 1126 me-

69 1175 227 1238 minisset.
260 1173 345 1237 Nem
368 1173 416 1237 ibi
442 1196 579 1265 quoque
603 1175 969 1265 Lugomersinienorum
994 1174 1161 1255 codicum,

70 1312 214 1379 quorum
242 1285 421 1352 multitudo
460 1312 478 1352 a
513 1289 692 1355 tricenario
730 1311 872 1354 numero
910 1312 1021 1380 prope
1058 1291 1161 1365 abest,

70 1400 304 1493 sex-quidem
341 1401 502 1467 exhibent
542 1418 660 1470 ccccx
693 1402 776 1488 (sive
810 1403 847 1466 bi
882 1405 1012 1468 numeri
1043 1401 1161 1468 litteris
1246 1448 1248 1452 -

70 1534 145 1583 sunt
177 1515 390 1607 perscripti),
425 1515 481 1580 ulii
513 1534 581 1582 tres
618 1531 728 1598 cccx,
769 1519 921 1610 quinque
957 1531 1161 1583 cccct't'm:

73 1628 184 1695 nullus
219 1643 435 1696 cccccxtffl:
480 1631 514 1695 in
555 1629 684 1722 aliquot
719 1648 828 1697 autem
867 1627 1061 1723 corrigendi
1094 1647 1165 1695 stn-

72 1741 129 1810 dio
155 1744 271 1810 evenit
299 1760 335 1809 ut
369 1741 422 1810 vel
460 1759 578 1811 ccccx
612 1762 646 1810 et
678 1762 838 1823 ccccm,
868 1744 922 1811 vel
956 1761 1099 1814 cccccx
1130 1764 1165 1812 er

74 1867 263 1926 ccccm!
296 1856 394 1923 simul
428 1876 625 1951 appareant.
673 1859 836 1926 Similiter
862 1859 1032 1926 Vrsiniani
1068 1860 1164 1925 codi-
1239 1862 1248 1874 ⁶

75 1972 121 2036 cis
158 1969 420 2038 additamentum
457 1972 656 2052 Centhone,
695 1971 788 2064 qnod
818 1975 853 2038 in
885 1988 933 2039 tot
957 1974 1165 2062 Lagomarsi·

75 2085 181 2151 nianis
212 2109 280 2153 non
311 2088 414 2178 magis
440 2112 540 2178 quarn
565 2086 683 2153 docuit
707 2086 793 2153 iliud
817 2069 988 2178 repertum
1018 2104 1087 2166 cat,
1117 2087 1167 2153 vi·

76 2197 175 2265 detur
206 2201 243 2265 in
276 2200 452 2267 Ciceronis
484 2202 584 2267 verba
618 2227 636 2267 e
669 2199 770 2268 Gellii
809 2201 878 2268 sive
913 2203 1165 2293 comparatione

76 2316 145 2381 siue
170 2314 406 2383 recordatione
431 2317 615 2407 irrepsisse,
643 2317 735 2381 cuius
760 2316 842 2383 haee
868 2333 944 2382 sunt
976 2315 1034 2381 lib.
1058 2315 1166 2393 XVII,

78 2430 134 2507 2¹,
161 2449 261 2501 extu:
288 2430 481 2497 consulibus
498 2429 643 2499 Claudio
671 2431 878 2510 Centone
904 2428 1042 2521 Appii
1064 2430 1169 2497 Caeci

67 2548 148 2640 filio
282 2594 291 2613 .
319 2553 449 2641 primus
481 2553 631 2616 onininm
666 2551 707 2623 L.
744 2551 860 2616 Livius
887 2564 993 2640 poeta
1019 2549 1168 2636 fabulas

79 2661 241 2731 docere
265 2663 396 2730 Romae
421 2669 531 2757 cepit.-
556 2663 781 2758 indidemque
806 2662 892 2730 illud
914 2682 1048 2756 repeto,
1074 2662 1170 2756 quod

81 2778 117 2843 in
139 2800 208 2844 uno
233 2780 524 2870 Lagomarsiniann
552 2778 656 2867 (190)
680 2804 744 2873 pro
773 2779 810 2846 C.
836 2777 980 2845 Claudio
1007 2780 1178 2868 scripturn·

84 2911 133 2959 est
156 2888 298 2985 Appio
326 2894 481 2960 Claudio.
532 2896 672 2987 Absque
696 2917 764 2985 quo
790 2910 886 2971 esset,
910 2907 1090 2982 potuerant
1110 2891 1172 2955 ista

83 3011 177 3074 etiam
206 3009 377 3096 epCatone
401 3011 476 3075 mai.
503 3009 679 3075 Ciceronis
710 3006 783 3098 peti
821 3030 850 3070 e.
881 3004 941 3072 tt.
961 3004 990 3092 §
1016 3006 1081 3074 50:
1113 3006 1174 3094 qui

84 3145 158 3186 cum
182 3154 229 3172 -
254 3120 420 3208 fabulam
445 3122 672 3188 docuisset
699 3121 899 3188 Centone
932 3119 1173 3209 Tuditanoque

86 3233 284 3303 consulibus.
335 3235 430 3307 Talia
465 3255 503 3305 ut
532 3238 566 3303 iu
598 3239 748 3329 margine
774 3237 1041 3312 ascriberentur,
1073 3257 1175 3325 saepe

86 3348 217 3431 accidit,
244 3369 279 3418 et
303 3349 426 3419 accidit
447 3350 556 3418 simile
584 3351 744 3444 quiddam
772 3351 903 3443 inipso
930 3353 1054 3442 Brpto,
1080 3349 1176 3414 euius

85 3463 113 3548 S·
139 3466 205 3561 73'
223 3467 534 3559 Lagomersinianus
559 3469 607 3534 ‘20
642 3466 724 3530 bueo
745 3463 877 3530 adiectu
911 3481 1016 3528 tenet:
1059 3461 1176 3528 Livius

87 3579 256 3646 salinator
285 3597 322 3646 et
344 3583 440 3648 Nero
475 3604 541 3646 ros.
571 3577 799 3647 Asdrubalem
818 3577 925 3671 ¹upud
954 3576 1179 3669 Senegaiiam

89 3719 158 3759 cum
183 3710 258 3761 tote
283 3699 438 3762 evercitu
463 3693 673 3761 deiecerunt.
701 3729 748 3743 -
776 3696 935 3760 Ceterum
961 3694 1119 3786 quonium
1142 3692 1179 3756 in

88 3809 150 3876 boc
174 3834 302 3901 genere
328 3835 452 3887 versor,
478 3809 572 3875 lubet
596 3807 680 3874 iliud
706 3808 868 3887 adiicere,
894 3807 992 3873 ludos
1015 3805 1093 3873 illos
1115 3806 1179 3872 Iu·

92 3927 246 4002 venturu,
270 3946 355 4015 qum
381 3924 562 3992 Salinator
586 3924 737 3992 Senensi
757 3923 889 4012 proelio
922 3937 1082 4000 voverat,
1108 3941 1179 3985 nou
1236 4009 1243 4016 Ι

93 4036 193 4103 videri
221 4036 285 4104 soli
311 4039 451 4106 Victorii
477 4042 687 4106 coniecturae
714 4036 853 4103 deberi:
886 4034 1021 4129 qnando
1055 4036 1090 4099 in
1120 4033 1179 4097 iis-

92 4147 166 4216 dem
190 4149 259 4217 illis
286 4152 392 4243 copiis
418 4153 715 4244 Lagomersinianis
751 4177 770 4216 e
797 4175 854 4216 sex
881 4149 1055 4216 codicibus
1082 4147 1181 4211 aiier-

93 4279 141 4329 tur
165 4264 364 4340 luentatin
391 4291 408 4332 e
436 4283 592 4358 quattuor
617 4267 799 4338 Luctatiis,
827 4287 846 4328 e
872 4263 978 4328 tribus
1000 4259 1177 4334 tuentelis,

95 4403 111 4442 e
131 4378 270 4471 cingulis
295 4395 408 4447 autem
434 4382 636 4457 Luentauis,
663 4379 827 4458 Liuianis,
851 4377 1037 4449 Iuentatis,
1053 4375 1181 4442 Iuven-

48 4534 52 4540 -
94 4498 192 4561 tutis:
226 4510 266 4561 ut
294 4497 329 4559 in
364 4492 505 4587 reliquis
528 4496 666 4561 circiter
691 4493 756 4564 XII
792 4489 980 4583 putandum
1005 4491 1045 4555 sit
1069 4490 1181 4582 ipsum

94 4625 203 4675 crure
223 4605 429 4678 Iuventutis.
494 4642 501 4649 ·
