2820 5332
165 1954 224 2022 ne
249 1953 500 2027 versemus
526 1955 692 2027 rervm
715 1928 1076 2029 mreereenevs.
1101 1956 1133 2047 *)

545 2162 772 2178 —*

606 2339 637 2428 ς.
667 2342 699 2407 a.

205 2486 246 2552 In
270 2484 376 2554 Plauti
402 2483 522 2553 sabulis
548 2483 913 2580 interpretandis
939 2502 1066 2553 constat
1081 2488 1147 2553 inm
1171 2513 1190 2554 a

107 2602 278 2669 veteribus
312 2603 531 2697 grammaticis
565 2600 656 2668 haud
698 2626 834 2696 segnem
879 2625 1017 2695 operam
1047 2607 1190 2696 positam

110 2741 194 2784 esse.
245 2719 297 2785 Ab
323 2720 615 2810 interpretum
648 2735 758 2785 nutem
783 2719 1108 2786 numero'continuo
1135 2742 1192 2787 eos

111 2855 183 2896 csse
218 2830 442 2925 segregandos
474 2851 633 2925 apparet,
665 2833 830 2925 aquibus
864 2830 1042 2899 indices
1066 2850 1193 2899 tentum

108 2943 333 3012 Plautiuatum
359 2946 544 3013 fabularum
586 2947 754 3015 confectos
788 2971 862 3014 esse
888 2945 1018 3014 Gellius
1043 2946 1197 3041 prodidit

109 3063 205 3130 Noct.
239 3061 306 3127 Att.
333 3061 402 3139 111,
428 3062 469 3131 3:
505 3061 542 3128 L
573 3059 708 3128 Aelium
743 3059 907 3128 Stilonem
938 3064 1192 3145 Praeconinum,

109 3176 297 3244 Volcatium
321 3174 522 3269 Sedigitum,
549 3174 701 3244 Servium
721 3176 879 3245 Clodium
904 3179 975 3245 sive
1001 3177 1190 3260 Claudium,

106 3290 280 3358 Aurelium
294 3289 455 3384 Opilium,
483 3294 519 3359 L.
532 3294 658 3360 Attium
677 3311 818 3386 poetam,
844 3292 1030 3381 Manilium,
1054 3296 1102 3367 M.
1120 3298 1191 3362 Te-

108 3410 251 3476 rentium
291 3410 489 3476 Varronem.
548 3411 601 3476 De
643 3409 765 3501 quibus
805 3409 867 3476 etsi
907 3426 987 3501 post
1019 3410 1191 3478 Osennum
1261 3414 1263 3419 ’

107 3521 424 3616 Anal.crit.p.154
452 3522 550 3592 docta
575 3522 618 3591 de
640 3525 677 3590 L.
702 3525 782 3591 Attii
801 3523 1019 3594 Didascalicis
1043 3525 1193 3619 disputa-

110 3643 199 3708 tione
226 3638 414 3733 Madvigius
440 3641 475 3705 in
497 3640 622 3732 Opuse.
649 3638 741 3706 need.
766 3666 800 3734 p.
826 3644 908 3715 too.
938 3644 1017 3713 107.
1046 3643 1115 3712 108
1142 3640 1194 3707 di-

109 3757 173 3835 xit,
206 3782 247 3823 ex
278 3774 374 3849 parte
409 3757 506 3823 etiam
532 3755 793 3824 Van-Heusdius
830 3756 919 3825 edite
950 3783 1060 3851 nuper
1086 3755 1131 3824 de
1153 3758 1191 3824 L.

107 3871 204 3939 Aelio
230 3871 358 3940 Stilone
380 3872 636 3940 Rhetoricorum
660 3871 704 3938 ed
727 3873 937 3938 Herennium
962 3892 1098 3940 auctore
1122 3870 1193 3936 dis-

108 3989 289 4080 quisitione
316 4014 349 4080 p.
373 3990 420 4059 33
446 4014 536 4082 sqq.:
562 4005 675 4054 tamen
695 3984 844 4054 nondum
870 3988 914 4053 ita
939 4005 1046 4055 ectum
1074 4003 1133 4065 est,
1156 4003 1192 4052 nt

108 4104 160 4172 vel
186 4103 333 4171 indicum
359 4104 494 4172 illorum
520 4103 574 4172 vel
601 4105 902 4175 Varronianarum
927 4128 1013 4194 quse
1039 4101 1193 4167 feruntur

103 4219 304 4306 fabularum
336 4221 418 4287 rutio
450 4220 527 4287 satis
562 4234 682 4312 pateat
731 4215 832 4302 Quod
865 4216 985 4284 licebit
1020 4216 1087 4285 alio
1111 4215 1188 4284 loco

107 4334 247 4401 ulterius
274 4337 433 4428 persequi
454 4333 498 4420 *).
548 4336 694 4403 Tantum
718 4350 832 4428 patet,
858 4331 902 4400 ad
927 4331 1193 4428 singulorum

106 4535 401 4548 *a*

161 4623 188 4687 ⁸)
214 4617 286 4668 Edita
305 4632 328 4668 n.
349 4634 557 4676 crotoecexxxrx.

145 4707 185 4770 ⁰¹)
211 4706 343 4777 (Stetimus
361 4706 495 4775 promissis
515 4704 619 4758 invisa.
632 4702 686 4779 lv.)
697 4704 797 4757 -lloe
816 4719 894 4758 unum
913 4702 995 4760 tribus
1005 4704 1092 4761 vetitis
1107 4710 1195 4777 ungo,
