2820 5332
457 692 572 736 resurr
601 693 865 736 turonenertavs.
1129 668 1198 740 381

114 867 226 932 brevis
251 864 398 959 syllabae
425 868 458 932 in
486 864 638 933 Plautino
666 865 802 958 quidem
828 888 924 932 versu
948 863 1075 945 habeat,
1092 881 1203 932 tamen

115 1008 183 1047 non
211 983 327 1074 inepte
354 982 489 1048 sortasse
515 981 705 1048 videbimur
728 984 794 1049 hoe
819 983 853 1047 in
879 980 954 1047 loco
980 977 1062 1047 alius
1087 1005 1204 1048 exem·

114 1096 164 1190 pli
190 1096 331 1163 Plautini
358 1096 551 1176 recordari,
586 1097 681 1190 quod
705 1123 769 1191 per
794 1121 829 1163 se
854 1097 931 1163 satis
954 1091 1119 1188 singulare
1145 1115 1204 1165 est.

114 1212 272 1277 Omnium
301 1213 388 1277 cuim
414 1211 578 1278 librorum
604 1214 763 1280 memoria
788 1214 823 1278 in
850 1209 1060 1279 Curculionis
1084 1212 1140 1290 IV,
1168 1212 1202 1291 3,

119 1328 162 1396 16
189 1327 322 1420 prodita
348 1327 431 1391 hacc
458 1344 545 1392 sunt:

212 1465 273 1509 ΤΗ.
301 1436 364 1506 ne'c
386 1441 469 1507 milri
492 1441 627 1535 quidem
652 1435 792 1508 libe'rtrm
816 1439 903 1506 ullus
926 1434 987 1506 cist.
1025 1461 1080 1507 ar.
1102 1443 1203 1528 facis

705 1550 906 1649 sapientius,

211 1671 313 1764 qtrdm
342 1695 426 1762 pars
458 1663 639 1746 lenonum,
672 1671 815 1739 libertos
835 1666 901 1764 qui
924 1669 1052 1736 labent
1082 1688 1116 1737 et
1142 1696 1201 1738 eos

703 1783 877 1854 deserunt.

111 1905 162 1969 Ibi
190 1894 264 1970 c'um
291 1901 383 1970 nullo
411 1902 513 1970 modo
534 1902 672 1970 defendi
699 1928 797 1996 posse
819 1902 978 1969 lenonum
1005 1905 1129 1971 mentio
1153 1904 1201 1971 vi·

112 2019 253 2086 deretur
277 2022 524 2112 Lambinusque
553 2021 732 2113 expetisset
756 2020 914 2098 militum,
948 2021 1202 2116 convenientius·

110 2138 172 2200 arti
200 2136 297 2202 Ianus
321 2139 433 2202 Donsa
460 2135 564 2201 Plaut.
591 2135 729 2229 Explau.
758 2137 792 2220 1,
820 2133 866 2204 24
903 2137 1116 2229 proponebat
1146 2132 1200 2204 la·

110 2267 260 2325 tronum,
288 2253 427 2343 eiusque
456 2236 668 2318 coniecturae
695 2254 867 2319 veritatem
894 2253 1057 2344 persuasit
1082 2252 1198 2317 Teub-

108 2389 240 2442 manuo‚
263 2368 377 2442 Pareo,
404 2367 560 2446 Grutero,
584 2368 767 2447 Gronovio,
794 2367 922 2433 Bothio.
967 2367 1005 2432 ln
1034 2391 1074 2434 eo
1100 2367 1197 2433 nobis

110 2479 283 2548 offensioni
309 2505 444 2572 semper
466 2481 528 2546 suit
549 2481 711 2572 producta
743 2483 916 2573 positionis
950 2483 980 2547 vi
1006 2483 1116 2548 brevis
1141 2503 1199 2548 vo·

108 2594 204 2661 calis:
233 2594 324 2687 quod
351 2597 438 2660 enim
467 2594 628 2686 deogro,
654 2621 777 2686 agrum
792 2597 905 2664 formis
923 2598 1092 2664 verissime
1109 2600 1199 2666 Her-

107 2734 245 2775 mannus
269 2711 436 2777 annotavit
455 2711 563 2776 Praei.
585 2713 619 2776 in
646 2713 831 2777 Trinumm.
858 2736 892 2804 p.
907 2712 970 2779 XV
995 2736 1055 2804 sq„
1079 2711 1115 2778 id
1134 2697 1197 2804 pa-

107 2843 156 2891 tet
180 2823 276 2891 latius
302 2826 395 2892 etin
422 2827 609 2892 universum
636 2851 740 2918 genus
767 2825 856 2893 cadit
880 2825 921 2910 *).
961 2825 1051 2909 Quid
1075 2839 1198 2909 autem,'

106 2941 133 3006 si
159 2966 199 3006 ex
223 2943 297 3032 ipso
325 2938 383 3007 illo
410 2939 568 3007 Sisennae
595 2939 722 3007 scholio
760 2939 965 3034 aliquantum
991 2942 1195 3010 auctoritatis

105 3058 238 3123 Dousac
265 3058 477 3123 coniecturae
499 3053 658 3131 accedat?
684 3055 852 3149 siquidem
878 3057 913 3122 in
937 3058 1023 3124 hanc
1044 3058 1195 3150 speeiem

104 3171 193 3238 illius
227 3172 329 3238 verba
369 3170 457 3236 haud
496 3169 711 3238 incommode
743 3169 1027 3264 redintegrentur:
1069 3189 1106 3238 ut
1135 3196 1192 3237 so-

103 3288 150 3352 let
188 3291 225 3352 in
261 3287 436 3351 nrrtlierum
470 3291 637 3352 oratione.
691 3286 819 3353 Idem
850 3292 894 3352 in
926 3286 1191 3355 Curculione

102 3407 187 3468 sic:
225 3401 271 3432 **
288 3403 303 3430 *
329 3398 458 3469 Postea
483 3405 550 3468 sic:
585 3404 776 3468 Latronum
803 3428 832 3469 c.
856 3428 888 3496 q.
916 3427 942 3469 s.
978 3403 1026 3470 Ita
1052 3402 1189 3496 quidem

94 3610 341 3620 ——0-...
362 3613 376 3619 a

153 3715 177 3779 't
205 3711 270 3773 Vno,
289 3710 334 3760 scd
357 3725 388 3761 eo
407 3711 530 3779 imprimis
549 3719 608 3779 apto
627 3711 746 3778 exemplo
765 3710 906 3775 ostendam,
932 3726 1007 3778 quom
1026 3718 1051 3761 et
1070 3719 1189 3778 quantam

203 3797 247 3847 iiia
275 3797 423 3849 observatio
452 3800 503 3849 vim
523 3799 605 3866 possit
629 3799 660 3850 ad
680 3801 845 3866 gravissimas
864 3800 1028 3865 quaestiones
1046 3797 1188 3863 expedien-

204 3885 248 3935 das
269 3885 374 3937 habere.
419 3886 482 3938 llum
509 3901 566 3938 cum
589 3885 698 3954 prologo
722 3887 993 3937 Hautontiroorurnenu
1019 3883 1112 3950 triplex
1139 3900 1189 3934 ex-

202 3979 252 4020 stet
282 3973 338 4021 sive
361 3973 386 4022 in
415 3971 547 4023 codicibus
566 3973 622 4023 sira
641 3973 668 4023 in
689 3974 836 4024 criticorum
854 3970 1043 4022 commentariis
1061 3985 1151 4020 versus
1171 3972 1189 4022 5

204 4059 342 4124 scriptura:

303 4163 405 4229 Duplex
424 4179 489 4228 qaae
507 4179 539 4213 es
554 4171 704 4230 aspumento
722 4164 818 4228 sartan
836 4163 952 4232 duplici:

302 4248 403 4317 Duplex
420 4266 484 4316 quae
505 4267 537 4301 ee
557 4258 706 4318 argumento
724 4253 820 4317 factast
837 4249 962 4318 simplici:

299 4335 413 4403 Simplex
434 4353 498 4402 quae
519 4354 552 4387 sar
571 4346 720 4405 armento
738 4340 834 4404 [actast
852 4329 963 4406 duplici:

202 4441 323 4489 contiuuo
341 4448 446 4505 apparet
464 4439 554 4490 falsum
573 4456 632 4491 esse
650 4443 755 4508 primum
780 4448 806 4491 et
823 4443 922 4494 tertiam
942 4444 1059 4510 quamvis
1076 4444 1109 4497 sb
1127 4447 1185 4515 ipso

201 4523 319 4574 Bentleio
337 4524 478 4576 defensam.
518 4515 609 4593 E'quo
628 4536 711 4578 tamen
731 4528 791 4578 noio
812 4527 861 4580 hoc
883 4543 1046 4598 consequeus
1067 4546 1144 4598 esse,
1171 4548 1186 4585 e

201 4618 276 4678 poeta
295 4610 435 4676 profectam
456 4625 515 4663 esse
534 4613 641 4664 mediam
660 4614 766 4665 formem
785 4614 860 4667 huius
879 4631 980 4680 versus,
1008 4633 1083 4687 quem
1106 4626 1185 4672 toturn

204 4715 263 4751 esse
283 4700 422 4750 insiticium
441 4699 469 4753 G.
488 4698 575 4753 thuim
595 4700 658 4754 riou
677 4702 780 4766 Qutsst.
800 4703 900 4757 Terent.
919 4719 945 4774 p.
963 4706 1008 4760 42.
