2820 5332
102 699 110 710 ’
236 703 309 776 «106
651 726 704 770 vn.
730 730 772 773 nr
798 727 912 773 resurr

236 901 305 968 Vbi
329 900 576 994 quadrigentos
601 903 721 994 scripsi
748 927 821 968 cum
839 902 877 969 C.
893 905 929 969 L.
949 899 1159 969 Schneidero
1174 898 1325 968 Gramm.

234 1013 291 1084 lat.
320 1013 417 1081 clem.
449 1017 482 1097 l,
508 1042 542 1109 p.
568 1017 639 1087 735
664 1018 834 1110 Reiziiquc
861 1016 1014 1108 exemplo
1046 1014 1080 1082 in
1115 1015 1201 1083 Rud.
1227 1019 1326 1097 V,3

238 1127 310 1216 (0),
333 1133 389 1200 37.
438 1133 559 1198 Levius
594 1151 652 1213 est,
679 1131 773 1225 quod
797 1134 916 1200 Bacch.
944 1134 1009 1213 lV,
1033 1132 1072 1213 0,
1101 1135 1147 1200 10
1172 1133 1328 1225 quadra-

237 1251 354 1336 gentis
397 1261 518 1313 tenent
558 1247 644 1313 alter
678 1246 842 1314 Palatinus
879 1266 911 1314 et
944 1247 1144 1339 Lipsiensis,
1184 1251 1328 1342 gravius,

236 1360 330 1452 quod
352 1360 392 1439 V,
419 1368 453 1442 9,,
478 1359 526 1429 64
549 1364 583 1427 in
609 1361 668 1428 illo
694 1363 766 1455 ipsa
791 1362 1031 1456 quadrigentis
1065 1361 1170 1429 formu
1196 1382 1325 1430 serrata

238 1495 299 1542 est.
338 1477 509 1570 equidem,
540 1502 608 1545 non
633 1477 790 1571 quidem,
813 1480 1024 1547 consentiens
1050 1476 1212 1544 librorum
1240 1480 1328 1545 scri-

236 1609 334 1683 ptura
367 1610 426 1662 est.
476 1592 613 1660 Maioris
646 1611 755 1660 autem
785 1596 942 1661 momenti
972 1592 1056 1658 illud
1083 1611 1149 1674 est,
1183 1590 1275 1686 quod
1307 1621 1327 1660 c

167 1594 191 1827 l
234 1704 435 1773 Menandrist
457 1705 566 1772 sabula
593 1708 757 1800 quaedam
776 1728 904 1775 servata
925 1728 1010 1787 sunt,
1037 1734 1123 1802 quae
1139 1727 1325 1776 monstrare

160 1831 194 1979 p'p
234 1845 334 1914 posse
354 1823 389 1886 in
414 1820 634 1889 Bacchidibus
657 1823 800 1889 videare.
844 1827 928 1891 Nam
955 1826 1013 1917 qui
1040 1849 1058 1889 a
1085 1824 1328 1917 compluribus,

160 1932 191 2001 .’
236 1960 320 2028 quos
346 1937 451 2001 habes
478 1935 568 2028 apud
591 1937 799 2004 Meiuehium
833 1964 867 2027 p.
894 1939 959 2018 48,
986 1938 1207 2033 scriptoribus
1234 1941 1329 2007 alier-

236 2067 302 2130 tur,
328 2049 370 2115 ad
392 2043 457 2127 Δὶς
481 2043 723 2131 ἐξαπατῶντα
748 2071 857 2119 autem
883 2077 901 2118 a
928 2052 1075 2122 Stobaeo
1099 2055 1208 2122 Serm.
1224 2056 1330 2135 CXX,

240 2165 272 2234 8.
299 2192 332 2259 p.
358 2163 431 2234 460
458 2165 559 2231 Gaiss.
585 2167 730 2234 refertur
754 2166 935 2234 Menandri
962 2193 1094 2236 versus:

386 2271 428 2347 ὃν
454 2279 489 2346 οἱ
516 2277 597 2347 θεοὶ
623 2281 809 2375 φιλοῦσιν,
836 2281 1061 2362 ἀποθνήσκει
1087 2281 1180 2367 νέος,

243 2421 318 2463 eum
345 2399 379 2463 in
402 2396 558 2464 Bacchid.
584 2398 648 2478 IV,
676 2402 718 2481 7,
752 2400 797 2468 18
824 2401 1015 2491 reperimus
1041 2402 1088 2469 sic
1115 2425 1328 2469 conversum:

749 2539 846 2608 quem
871 2515 909 2580 di
932 2515 1097 2606 diligunt,

199 2634 206 2701 i
339 2626 549 2697 Adulescens
575 2636 731 2706 moritur,
759 2665 804 2678 -—
831 2629 929 2713 (dum
956 2632 1058 2706 valet,
1078 2636 1193 2712 sentit,
1211 2634 1330 2724 sapit.)

240 2749 346 2814 Recte
373 2748 461 2813 enim
486 2749 529 2813 ita
552 2749 793 2840 transposuisse
820 2746 981 2840 Pyladem
1004 2748 1157 2828 arbitror,
1184 2774 1269 2841 quae
1296 2750 1331 2814 iu

244 2864 344 2930 codd.
368 2883 400 2931 et
425 2881 485 2930 vet
513 2862 592 2930 edd.
620 2865 810 2932 scribuntur
835 2887 932 2955 quem
955 2862 1105 2954 diligunt
1130 2863 1169 2929 di
1193 2865 1244 2929 vel
1270 2864 1330 2932 dii.

343 2978 490 3045 Alteram
527 2981 778 3072 congruentiam
821 2977 989 3071 quandam
1025 3003 1091 3044 non
1129 2977 1332 3046 afferendam

153 3132 159 3141 ·
246 3112 389 3188 propter
414 3094 613 3188 singularem
637 3094 782 3187 aliquam
807 3093 976 3186 probandi
1003 3095 1088 3173 vim,
1121 3093 1183 3159 scd
1210 3112 1331 3163 tamen,

246 3238 436 3306 quanquam
450 3236 517 3278 non
530 3237 662 3278 vacuam
679 3209 885 3276 dubitatione
902 3234 970 3277 non
986 3208 1105 3277 leviter
1116 3213 1332 3302 praetermit-

248 3328 381 3419 tendam
408 3327 505 3394 duco.
554 3328 594 3392 In
611 3327 729 3394 Bacch.
748 3327 789 3404 ΙΙ,
816 3327 849 3405 3,
878 3326 924 3396 74
953 3344 1153 3391 memoratur
1175 3327 1330 3418 Ephesiis

201 3490 207 3501 ·
249 3446 433 3512 rarissimus
460 3442 616 3510 sacerdos
644 3445 771 3508 Dianae
805 3442 989 3533 Ephesiae,
1028 3441 1095 3507 sive
1119 3440 1336 3530 Megalobuli

251 3561 328 3638 sive,
351 3577 386 3624 nt
404 3558 474 3624 aliis
493 3560 608 3637 visum,
635 3555 859 3647 Megalobuzi
878 3556 930 3623 vcl
950 3554 1141 3647 Megalayzi
1162 3555 1257 3634 lilius,
1277 3557 1332 3620 cui

124 3758 126 3763 ,
249 3678 414 3769 pecuniae
452 3675 516 3740 vim
553 3673 748 3740 servandam
787 3671 970 3739 crediderit
1000 3669 1229 3738 Mnesilochus
1257 3696 1334 3736 cunr

252 3791 425 3884 Chrysalo.
478 3791 614 3857 Constat
645 3809 754 3855 autent
788 3787 933 3866 aliunde,
973 3781 1185 3880 Μεγάβυζος
1210 3811 1334 3852 nomen

250 3909 350 3974 suissc
387 3906 475 3972 illius
507 3908 635 3972 Dianae
671 3909 737 3972 sive
761 3904 924 3972 sacerdoti
948 3905 1041 3984 sive,
1075 3902 1167 3995 quod
1193 3919 1242 3968 est
1262 3903 1335 3969 veri

249 4023 402 4101 similius,
425 4020 646 4088 sacerdotium
671 4024 774 4115 genti:
803 4019 916 4112 quode
943 4019 1018 4085 satis
1045 4035 1185 4109 egerunt
1202 4020 1337 4082 Turne·
1369 4006 1371 4009 ’

247 4146 310 4209 bns
332 4140 509 4206 Adversar.
535 4138 660 4216 XVIII,
686 4164 758 4230 cap.
773 4141 831 4212 31,
856 4162 889 4227 p.
905 4137 987 4214 352,
1007 4132 1169 4202 Meursins
1192 4135 1335 4199 Exercit.

250 4261 321 4325 crit.
347 4261 381 4324 P.
410 4257 513 4321 lsivc
541 4255 620 4320 Cur.
646 4252 749 4322 Plaut.
783 4255 967 4320 Comment.
993 4253 1028 4315 in
1054 4251 1173 4317 Bacch.
1197 4275 1269 4341 cap.
1303 4254 1336 4328 3,

256 4401 286 4466 p.
318 4375 385 4442 1⁸28
412 4398 471 4464 sq,
499 4370 713 4436 Casaubonus
737 4388 769 4435 et
792 4369 965 4462 Menagius
988 4369 1020 4432 in
1048 4367 1146 4456 Diog.
1171 4367 1281 4430 Lacrt.
1296 4366 1338 4444 ll,

253 4495 311 4563 51,
334 4487 489 4553 tilbertus
516 4489 550 4550 in
574 4486 720 4578 llesych.
748 4485 809 4552 vol.
838 4486 880 4564 ΙΙ,
905 4511 939 4576 p.
966 4485 1050 4564 550,
1076 4485 1283 4548 Burmannus
1304 4482 1337 4545 in

253 4603 447 4686 Quintiliani
474 4605 550 4668 lust„
576 4621 655 4668 orat.
682 4603 729 4681 V,
761 4604 821 4680 10,
849 4604 916 4679 21,
952 4599 1143 4666 liarduinus
1179 4599 1211 4661 in
1239 4596 1337 4661 Plinii

250 4723 323 4787 Nat.
352 4720 425 4788 hist.
459 4720 605 4798 XXXV,
637 4721 698 4796 10,
727 4717 784 4799 36,
810 4744 843 4811 p.
869 4716 940 4789 097
967 4737 999 4786 et
1025 4723 1080 4798 11,
1106 4712 1164 4797 40,
1191 4742 1225 4808 p.
1254 4705 1336 4791 7011,
