2820 5332
450 669 625 713 sveuoeuvs
653 671 693 710 ue
720 670 782 710 vra.
812 669 959 709 recusus.
1182 641 1253 710 633

162 833 267 886 iuuenta
294 835 381 886 rudius
408 833 587 900 accepissent,
611 831 642 882 ad
663 830 819 898 singularem
838 839 918 881 artem
935 837 963 880 et
982 828 1124 881 mirabilem
1140 830 1247 897 gratiam

164 938 279 975 erexere.
313 923 405 974 Verum
426 937 457 971 ex
476 921 530 982 bis,
551 921 594 988 qui
617 918 774 970 excellentes
794 926 820 969 et
838 926 939 969 veteres
960 917 1110 983 habeantur,

231 1009 334 1061 Plomm
351 1016 399 1070 est,
429 1010 472 1076 qui
492 1007 596 1058 Asinius
614 1014 784 1074 cognomento
807 1005 905 1071 dictus,
936 1006 1036 1072 origine
1064 1006 1179 1057 sarsinas
1196 1003 1326 1055 rursum.

161 1096 264 1161 ltaliae,
290 1112 364 1165 quam
397 1097 491 1162 posteri
520 1095 665 1159 Vmbriam,
696 1109 742 1145 nos
761 1094 879 1144 ducatum
899 1091 997 1159 Spoleti
1016 1092 1182 1143 nominamus.
1218 1066 1303 1145 lom

166 1200 223 1235 cum
254 1185 286 1239 bl.
316 1185 413 1238 Catone
446 1183 586 1249 superioris
606 1190 701 1249 nepote
723 1182 794 1232 vixit.
829 1182 935 1248 primaru
955 1188 1065 1231 aetatem
1084 1179 1175 1247 opibus
1194 1195 1247 1231 non

161 1280 263 1323 tenuem
288 1273 349 1339 egit.
401 1271 492 1322 Senior
518 1278 602 1321 autern
628 1278 653 1319 et
682 1271 820 1336 pauperior
846 1271 928 1320 lactus
954 1277 994 1319 est
1013 1268 1111 1336 perdita
1130 1268 1249 1334 pecunia,

161 1375 236 1427 quarn
254 1361 279 1410 in
299 1374 379 1425 opere
399 1358 522 1408 artilicum
541 1359 700 1408 scenicorum
722 1356 789 1408 bene
808 1357 920 1408 creditus
932 1357 1098 1446 pepcepisset.
1119 1355 1250 1407 interum

160 1454 310 1513 paupertate
328 1444 401 1497 simul
424 1453 450 1495 et
468 1452 601 1496 senectute
624 1443 738 1508 luctavit,
758 1443 902 1511 ceciditque
923 1443 953 1495 ad
974 1443 999 1494 id
1017 1445 1140 1511 egestatis
1157 1450 1184 1494 et
1200 1443 1251 1493 mi-

159 1535 263 1596 seriae,
290 1532 357 1599 quod
383 1532 467 1583 inedia
489 1540 514 1582 et
532 1531 598 1582 lame
618 1540 721 1583 coactus
740 1547 769 1582 se
787 1530 879 1599 (pudet
903 1531 1000 1602 dicere)
1019 1526 1199 1581 msclriosriam
1220 1529 1251 1581 ad

162 1635 216 1670 rem
235 1618 332 1669 locarit
372 1617 393 1670 0
414 1634 465 1668 rena
487 1617 678 1668 incredibilem!
700 1617 720 1669 0
741 1625 880 1668 monstrum
898 1625 924 1668 et
941 1617 1080 1668 inauditum
1102 1624 1251 1679 monstrum,

164 1720 216 1757 non
235 1707 291 1756 sine
310 1713 433 1773 stupore,
457 1721 508 1756 nou
526 1707 582 1755 siue
602 1706 715 1771 pietate,
744 1719 795 1755 non
815 1706 871 1755 sine
890 1704 1000 1756 lacrimis
1019 1704 1164 1760 videndum.
1193 1706 1252 1773 quis

161 1792 301 1844 crediderit
321 1793 378 1844 sine
399 1792 486 1844 teste?
502 1796 558 1860 quis
576 1791 670 1842 uiderit
690 1792 747 1843 sinc
770 1791 889 1859 pietate?
914 1791 1009 1843 'lacere
1030 1791 1080 1842 lroe
1096 1791 1155 1842 loco
1175 1808 1251 1859 quem

160 1879 231 1946 loqui
265 1878 373 1930 mallem.
414 1879 465 1930 lles
483 1879 554 1929 iubet
572 1887 648 1944 atque
663 1878 812 1945 compellit,
831 1878 912 1929 dicam
931 1877 992 1945 quid
1009 1878 1124 1929 dixerim,
1153 1877 1251 1930 dicam·

161 1963 218 2016 ne?
243 1965 324 2016 dicam
344 1965 476 2033 equidem:
496 1982 537 2015 res
556 1966 643 2026 iubet,
661 1981 703 2015 res
723 1964 863 2030 compellit.
892 1965 988 2016 dicam:
1008 1965 1096 2031 pistori
1116 1963 1251 2016 famulatus

162 2062 201 2103 est
220 2060 304 2118 poeta.
331 2051 392 2119 quid
410 2051 463 2102 dixi
482 2040 638 2102 lamulatus?
676 2051 730 2102 lma
749 2049 821 2101 aselli
841 2052 866 2100 in
884 2050 985 2101 modurn
1004 2058 1080 2116 poeta
1099 2059 1124 2101 ct
1143 2049 1250 2102 illustris

165 2148 242 2207 poeta
263 2140 414 2205 circumegit
431 2138 520 2189 molas.
559 2137 579 2190 0
599 2155 640 2188 res
660 2139 753 2205 turpis!
787 2137 887 2190 Onots
903 2139 1025 2203 temporis
1044 2153 1074 2188 uc
1094 2138 1164 2188 urbis
1182 2139 1249 2200 eius,

164 2243 231 2295 quae
258 2226 413 2278 domicilium
441 2242 469 2276 se
496 2235 629 2294 poetarum
647 2234 673 2276 et
691 2225 856 2277 celsissimum
874 2225 960 2278 sedern
980 2228 1081 2276 struitis
1100 2233 1126 2276 et
1143 2225 1249 2276 honoris

163 2322 247 2366 uocat.
290 2314 345 2366 Non
363 2313 428 2365 ultra
449 2315 523 2378 (lieo,
551 2330 584 2364 nc
602 2315 626 2364 id
647 2314 743 2375 dicam,
772 2313 840 2381 quod
860 2329 894 2371 ue
911 2313 1019 2366 dixerim
1037 2315 1151 2380 cogitate
1171 2329 1249 2379 prae-

126 2436 129 2445 «
162 2409 245 2454 tereo.
284 2402 345 2452 llam
369 2411 397 2452 ut
420 2401 542 2469 Epidicus
561 2401 627 2468 apud
648 2418 705 2452 eum
726 2403 809 2468 ipsum
828 2403 928 2468 inquit,
951 2400 1007 2468 plus
1026 2402 1093 2451 scire
1112 2402 1191 2452 satius
1209 2409 1249 2452 est

163 2504 239 2556 quarn
258 2488 337 2556 loqui.
373 2490 451 2541 Poeta
473 2504 536 2540 vero
555 2491 638 2555 paruit
659 2490 775 2539 fortunae
793 2496 819 2539 ct
839 2490 950 2555 inopiam
968 2504 1039 2539 suam
1054 2496 1248 2556 temporumque

162 2574 326 2628 acerbitatem
357 2578 479 2644 patientia
504 2592 534 2627 ac
560 2577 692 2644 diligentia
717 2577 856 2645 supegavit.
894 2574 1007 2643 Collegit
1033 2591 1159 2643 nauaque,
1187 2573 1247 2643 quid

163 2664 286 2730 temporis
318 2666 417 2730 potnit,
455 2672 480 2715 et
512 2663 602 2715 diebus
625 2665 733 2715 maxime
752 2664 823 2715 lestis
844 2665 979 2715 vacatione
999 2662 1075 2726 data,
1096 2679 1152 2714 curn
1173 2662 1248 2715 vacui

162 2752 275 2818 negotiis
293 2750 336 2801 alii
357 2751 447 2818 pilae,
477 2733 578 2819 qnidam
597 2750 713 2824 aleae2),
740 2751 855 2802 nonnulli
874 2749 1048 2818 spectaculis,
1077 2749 1149 2802 multi
1168 2748 1248 2801 lasci·

165 2839 224 2889 uiae
256 2845 282 2889 et
308 2837 433 2904 uoluptati
458 2839 600 2901 seruirent,
629 2839 686 2905 ipse
715 2837 814 2888 alienus
836 2853 850 2887 a
870 2838 963 2888 ceteris
983 2836 1200 2906 coniere1bat1se
1219 2835 1251 2887 ad

162 2927 242 2977 otium
261 2925 408 2989 scribendi,
438 2933 464 2976 et
493 2940 545 2993 quo
563 2934 662 2992 poterat
688 2927 790 2988 studio,
820 2933 948 2992 ternpore,
974 2926 1079 2992 ingenie
1110 2923 1251 2977 laborabat.

170 3013 328 3065 Comoedias
352 3021 403 3063 tres
430 3011 472 3062 acl
503 3014 560 3078 ipso
584 3014 610 3061 in
637 3013 744 3078 pistrino
763 3011 795 3062 ab
813 3013 971 3078 suscriptas
990 3013 1069 3063 Varro
1090 3009 1250 3078 etplerique

165 3099 209 3151 alii
230 3099 367 3150 memoriae
386 3098 523 3149 tradidere.
559 3097 670 3149 Tandem
689 3114 750 3149 vero
772 3108 886 3150 mortuus
908 3099 1004 3150 Romae
1024 3096 1169 3149 corrrocdias
1186 3096 1252 3148 reli-

167 3187 223 3254 quit
240 3185 348 3247 multas,
376 3202 439 3254 quas
469 3187 599 3253 prosperis
617 3185 785 3254 adversisque
805 3188 881 3237 rebus
900 3202 946 3253 pro
965 3201 1011 3237 sna
1031 3184 1203 3237 delectatione
1223 3193 1251 3236 et

160 3273 268 3341 ingenio
288 3271 419 3324 edidisset.
456 3271 495 3323 De
515 3287 621 3322 numero
642 3287 727 3322 aarum
746 3272 788 3322 uel
807 3272 945 3339 diligentes
964 3279 990 3322 et
1007 3270 1075 3322 docti
1093 3272 1127 3321 itu
1145 3271 1249 3323 dissen-

164 3360 247 3423 tiunt,
276 3357 343 3427 qued
363 3374 438 3409 nemo
457 3360 503 3420 sit,
533 3359 576 3425 qni
606 3373 654 3408 uns
673 3359 859 3425 investigantes
880 3359 1109 3426 perquirentesque
1126 3359 1249 3410 certiores

163 3444 268 3496 elliciat.
289 3442 382 3495 Earum
401 3443 477 3495 modo
497 3452 557 3494 sunt
573 3452 631 3494 octo
648 3451 748 3494 nostres
767 3444 799 3494 ad
816 3458 905 3494 manus
923 3444 1037 3496 delatae:
1058 3443 1146 3512 plures
1165 3453 1249 3496 tuanen

160 3531 193 3583 ab
221 3545 253 3582 eo
283 3532 392 3597 scriptas
420 3531 556 3582 coniectati
584 3539 643 3582 sunt
672 3532 747 3582 etiam
775 3533 935 3599 antiquorum
966 3540 992 3583 et
1010 3534 1149 3600 peritorum
1167 3532 1248 3584 multi.

166 3618 273 3683 Quidum
294 3619 385 3686 viginti
408 3626 434 3668 et
453 3620 583 3686 quinque,
602 3617 674 3669 multi
693 3619 878 3687 quodraginta,
896 3619 976 3688 aliqui
997 3630 1113 3685 eentum,
1133 3619 1248 3672 nonnulli

164 3712 266 3756 centum
292 3713 369 3773 atque
387 3706 491 3772 triginta
509 3713 642 3771 putavere.
668 3705 721 3757 llac
741 3705 773 3757 de
791 3723 819 3757 re
837 3721 871 3757 ne
887 3706 957 3757 audis
980 3714 1006 3757 et
1017 3723 1111 3773 pnerus
1126 3705 1246 3758 dixerim:

162 3805 251 3841 uerum
272 3807 285 3842 a
305 3791 435 3843 ueteribus
457 3801 482 3842 ct
501 3793 654 3844 doctissimis
671 3795 733 3844 uiris
755 3793 903 3844 dubitatum.
947 3792 1095 3857 Dubitsvit,
1114 3802 1142 3844 ut
1160 3792 1249 3844 sileam

164 3884 285 3940 ceteros,
316 3881 453 3951 Senius2)
473 3883 671 3947 grammaticus,
701 3881 801 3933 Terenti
812 3884 837 3950 ⁴)
865 3890 942 3949 atque
963 3882 1073 3932 Maronis
1093 3879 1250 3932 clarissimus

162 3965 308 4032 interpres:
337 3965 462 4017 dubitavit
485 3967 561 4019 homo
576 3969 760 4019 eruditissimus
780 3977 806 4019 et
825 3969 1017 4037 antiquissimus
1034 3967 1145 4019 Laelius.
1166 3967 1249 4019 Dubi-

159 4052 224 4103 tuvit
242 4053 274 4106 t.
295 4051 401 4117 Gellius,
420 4055 464 4121 qui
482 4055 513 4105 sd
536 4057 692 4123 propositum
714 4055 779 4106 haee
800 4064 877 4124 atque
895 4055 975 4107 multa
992 4053 1043 4106 aliu
1062 4056 1128 4106 scitu
1149 4063 1175 4106 et
1192 4069 1249 4106 me·

163 4140 245 4191 moria
266 4138 343 4207 digna
363 4141 389 4192 in
407 4142 461 4192 suis
479 4142 602 4194 Noctibus
619 4143 710 4194 Atticis
729 4141 876 4195 cumulavit.
915 4143 980 4207 Quid
998 4141 1123 4195 dixerim'l
1146 4141 1249 4193 dubita-

158 4227 196 4278 vit
229 4228 341 4280 omnium
368 4227 531 4280 doctissimus
557 4232 589 4283 ll.
610 4231 708 4282 Varro)
749 4231 774 4283 lt
799 4230 890 4283 librum
918 4232 1021 4298 scripsit
1046 4230 1077 4281 ds
1108 4228 1248 4281 comoediis

162 4313 246 4368 Ptoou
267 4323 294 4367 et
312 4314 372 4368 ltnie
389 4316 426 4366 rei
445 4316 529 4367 studio
551 4317 721 4386 investigandi
738 4319 793 4369 veri
812 4318 878 4370 barad
898 4335 985 4386 parum
1013 4318 1118 4370 multum
1146 4326 1248 4384 tempo-

157 4401 209 4466 ris,
237 4417 333 4465 curse,
355 4403 506 4471 diligentiae
531 4405 625 4458 tribuit.
666 4405 787 4458 Fomenta
817 4408 911 4459 erroris
935 4408 1034 4474 putarit
1061 4405 1119 4457 duo.
1155 4406 1247 4470 Vnum,

180 4577 392 4588 ,ἡὴ-αι
421 4581 436 4587 ⁴

216 4659 247 4729 2)
267 4659 319 4712 alie
338 4657 401 4712 Ged.
610 4661 640 4734 3)
660 4681 750 4716 sensus
767 4663 829 4717 Cod.
1006 4663 1036 4732 4)
1062 4661 1165 4714 Terenti
1185 4659 1240 4713 eet
