2820 5332
428 700 679 746 uosrmttnue
710 699 900 743 maurinis.
1080 722 1083 733 ·
1130 672 1201 743 463

595 879 645 964 s.
679 875 712 945 ι.

237 1040 503 1111 Transeundum
520 1060 569 1107 est
596 1040 636 1105 ad
663 1039 859 1133 deperditas
886 1039 1034 1131 seherias.
1086 1042 1127 1106 Et
1148 1067 1202 1108 ea·

126 1184 199 1226 rum
226 1156 373 1250 quidem,
400 1181 480 1248 quas
506 1155 525 1220 h
547 1175 580 1222 et
605 1154 757 1222 llitteris
785 1155 983 1234 notavimus,
1010 1157 1112 1246 spatia
1136 1159 1202 1223 iam

126 1301 196 1368 eap.
222 1274 237 1338 Ι
263 1271 304 1338 ad
331 1270 475 1339 calculos
501 1272 695 1338 vocavimus.
754 1269 909 1338 Schedae
936 1271 1145 1359 auteurs
1116 1296 1203 1338 erus-

126 1417 192 1485 que
225 1414 310 1483 quae
353 1414 423 1454 eam
453 1385 628 1479 praecedit
656 1388 796 1481 paginae
837 1385 912 1473 (78)
942 1413 1015 1453 cum
1052 1404 1204 1481 oporteat

119 1496 362 1600 qninquaginta
388 1520 514 1595 septem
542 1527 654 1568 versus
683 1528 806 1583 esse,
810 1520 937 1568 tamen
950 1501 1052 1570 hodie
1080 1521 1203 1568 tantum

126 1622 274 1714 quinque
302 1636 334 1685 et
361 1618 597 1710 quinquaginta
629 1618 794 1683 habentur
829 1619 917 1684 inter
950 1618 1012 1693 III,
1039 1621 1070 1697 ⁰,
1100 1617 1144 1687 16
1171 1633 1202 1683 ct

127 1739 182 1805 72.
222 1736 332 1827 Atque
356 1758 439 1801 unus
463 1731 599 1824 quidem
628 1757 676 1810 ea,
704 1758 801 1824 quam
822 1731 921 1798 modo
936 1732 1202 1823 pertexebanrus,

128 1849 348 1946 disputatione
374 1851 510 1915 accessit
536 1850 623 1914 inter
647 1875 674 1912 v.
702 1848 872 1918 50et5‘t:
899 1845 1036 1913 alterurn
1064 1849 1119 1912 ubi
1146 1872 1202 1913 ex-

127 1966 246 2034 cidisse
274 1962 467 2044 credamus,
503 1987 568 2028 non
603 1964 708 2028 minus
742 1961 873 2031 difficile
907 1961 997 2029 dictu
1030 1981 1079 2029 est
1104 1988 1203 2055 quarn

127 2081 186 2147 uhi
212 2079 326 2159 alium,
364 2103 430 2171 quo
464 2075 599 2171 plenior
622 2079 858 2145 Ambrosianus
886 2079 918 2143 in
942 2078 1063 2145 scheda
1090 2105 1107 2144 c
1132 2079 1202 2145 suit.

40 2284 44 2294 Ι
126 2196 209 2262 Nam
236 2220 308 2262 cum
340 2195 488 2287 quinque
519 2211 551 2259 et
577 2193 707 2286 triginta
742 2218 853 2259 versus
880 2192 981 2259 hodie
1015 2195 1203 2287 interpositi

129 2315 193 2379 sint
214 2314 302 2379 inter
328 2311 387 2391 ΙΙΙ,
416 2317 446 2390 1,
473 2310 520 2379 85
549 2327 581 2375 et
609 2312 698 2390 121,
739 2328 880 2402 apparet
913 2309 953 2375 ad
982 2309 1115 2401 plenum
1141 2338 1203 2377 nu-

126 2453 254 2494 merum
281 2425 420 2492 duarum
446 2426 641 2517 paginarum
664 2443 729 2491 tres
757 2424 885 2491 deesse.
946 2427 1093 2507 Quorum
1120 2425 1202 2493 duos

127 2544 240 2609 nescio
266 2568 306 2607 an
334 2558 424 2606 recte
449 2536 524 2604 illos
552 2539 651 2606 fuisse
679 2557 819 2631 putem,
859 2565 941 2632 quos
976 2565 1050 2606 cum
1076 2567 1103 2607 v.
1134 2544 1204 2612 102

127 2659 244 2725 sociari
270 2658 348 2721 inssi
375 2655 550 2721 Mantissae
576 2653 663 2740 §.12
691 2653 827 2721 eosdem
855 2657 964 2721 uthis
992 2655 1132 2747 scriptos
1146 2681 1202 2722 co-

127 2773 190 2839 dex
217 2772 373 2838 tenuerit:
399 2769 441 2836 de
469 2771 555 2835 tertii
581 2768 663 2834 sede
690 2795 764 2836 cum
793 2772 900 2836 omnia
923 2771 957 2834 in
973 2771 1106 2861 ancipiti
1122 2796 1202 2836 eon-

125 2891 250 2953 ieetura
277 2887 384 2978 posita
410 2887 492 2960 sint,
532 2903 642 2950 tacere
680 2910 777 2975 quam
805 2882 960 2949 hariolari
987 2882 1081 2951 maio.
1133 2883 1202 2952 Sed

124 3028 239 3068 revera
268 3021 300 3068 et
324 3001 378 3066 hic
405 3018 438 3066 et
463 2997 532 3065 illic
560 2997 678 3065 saltem
704 2996 849 3092 singulos
876 2996 992 3065 deesse
1017 3025 1139 3079 versus,
1165 2998 1202 3067 id

126 3116 260 3210 quidem
297 3134 544 3182 controversum
579 3139 649 3181 esse
690 3115 741 3180 vix
776 3114 920 3206 poterit:
963 3116 1067 3208 arguit
1113 3116 1200 3182 enim

126 3230 339 3324 computandi
365 3232 561 3309 necessitas,
588 3256 673 3323 quae
700 3231 734 3294 iu
760 3229 842 3296 haee
868 3256 993 3324 genera
1017 3249 1202 3298 metrorum

124 3347 211 3417 cadit
244 3347 450 3413 brevioribus
484 3346 635 3412 versibus
671 3347 926 3438 comprehensa.
991 3348 1104 3440 anue
1129 3349 1201 3440 ipsa

124 3465 167 3529 de
195 3489 306 3532 caussa
331 3461 499 3554 aliquanto
525 3462 685 3529 incertius
713 3460 755 3527 de
782 3460 904 3528 scheda
921 3461 943 3526 h
962 3461 1121 3529 iudicium
1142 3481 1200 3530 est.

123 3579 207 3643 Nam
236 3603 308 3645 curn
337 3576 506 3655 trochaici,
525 3577 607 3656 sint,
643 3577 700 3669 qui
724 3578 809 3643 inter
832 3576 892 3657 III,
915 3580 948 3656 2,
979 3578 1046 3648 109
1072 3594 1104 3643 et
1132 3575 1196 3646 141

122 3693 223 3761 hodie
249 3693 402 3786 leguntur
428 3717 566 3759 numero
593 3693 724 3784 triginta
748 3718 848 3771 unus,
876 3691 992 3784 quidni
1015 3694 1048 3755 in
1072 3691 1199 3757 duabus

126 3859 353 3872 Μ

227 3946 295 4011 prius
314 3948 408 3996 certius
423 3945 537 3997 iudicare
555 3946 588 3997 de
607 3946 715 4013 siugulis
734 3945 833 4007 licebit,
852 3951 879 3994 ut
898 3958 964 4011 quae
982 3944 1091 3994 invicem
1119 3959 1150 3994 ex
1170 3960 1199 3996 te

224 4054 288 4088 nexa
309 4041 359 4090 sint
376 4041 545 4091 multifariam.
596 4040 694 4103 Quanta
724 4047 807 4090 autern
836 4040 860 4088 iu
885 4037 934 4088 hoc
959 4053 1055 4104 genere
1081 4039 1200 4090 earrtiouc

225 4150 289 4199 opus
308 4135 349 4197 sit,
369 4135 410 4186 vet
431 4135 489 4186 hinc
511 4135 682 4201 intelhgitur,
703 4133 770 4201 quod
790 4133 893 4182 minimo
912 4134 1017 4199 negotio
1034 4133 1065 4183 ad
1086 4129 1198 4185 trochai-

223 4245 279 4279 eurn
301 4233 472 4294 septenarium
494 4232 569 4281 etiarn
594 4245 635 4279 vv.
655 4228 697 4281 ts.
717 4228 752 4278 to
771 4231 886 4278 revocari
904 4237 1028 4295 possunt:

260 4325 320 4386 Se'd,
341 4325 419 4389 Simo,
437 4329 474 4379 ite
491 4342 559 4376 nnnc
575 4330 662 4377 ventus
679 4340 770 4376 narem
792 4324 896 4394 [sabito]
915 4324 1035 4376 desernit.
1078 4324 1119 4375 st.
1139 4324 1199 4391 quid

612 4419 672 4471 est?

225 4509 278 4560 Hoc
296 4526 372 4562 uuum
393 4512 442 4564 iam
464 4528 531 4564 nunc
559 4513 658 4573 fateor,
688 4512 720 4563 do
739 4510 929 4580 antistrophicis
959 4512 1098 4564 rationibus
1122 4513 1196 4564 huius

224 4620 335 4669 scente,
369 4622 432 4674 quas
451 4624 530 4677 sagax
548 4609 685 4661 hermanni
703 4610 834 4677 ingenium
852 4608 1038 4677 investigavit,
1063 4608 1125 4660 nihi
1144 4623 1196 4661 non

221 4716 373 4769 persuasum
392 4717 458 4756 esse.
829 4703 836 4729 ⁸
