2820 5332
239 702 311 776 342
469 732 498 777 v.
524 729 567 770 ne
595 724 698 771 scats
725 726 891 770 ratnvurn
918 727 1087 771 rannone.

239 904 348 972 Scrm.
374 903 399 984 l,
424 901 457 984 4,
483 898 531 972 94
569 899 713 988 (coll.·l‚
744 906 798 980 l0,
825 898 887 985 95)
913 902 1039 967 mentio
1055 899 1157 967 lacta:
1181 896 1218 964 id
1236 901 1327 965 euim

237 1017 434 1086 scholiastae
460 1015 648 1110 prodidere
674 1036 768 1110 rapta
795 1041 918 1084 corona
934 1016 1020 1082 Iovis
1034 1012 1216 1106 Capitolini
1242 1040 1324 1082 con-

234 1136 344 1205 tineri.
367 1136 411 1200 At
438 1136 526 1201 enim
552 1132 656 1198 iidem
681 1132 844 1200 accidisse
870 1130 955 1197 illud
981 1133 1119 1221 Augusti
1143 1148 1253 1198 aetate
1273 1149 1322 1198 tc-

234 1266 377 1328 stantur,
415 1250 507 1315 cuius
527 1249 669 1314 amicitia
694 1248 833 1326 sactum,
871 1265 905 1313 ut
938 1246 1063 1313 iudicio
1090 1247 1323 1315 absolveretur

160 1389 163 1396 ·
231 1361 392 1431 Petillios.
432 1361 472 1429 Id
496 1388 577 1431 vero
604 1366 800 1429 Petersenus
827 1380 1050 1430 commentum
1078 1387 1149 1429 csse
1176 1362 1322 1429 scholia-

235 1494 358 1544 starum
396 1481 457 1558 ait,
493 1477 677 1545 eorundem
708 1477 866 1571 quidem,
899 1479 1021 1570 quibus
1047 1477 1152 1544 fidem
1175 1477 1218 1544 de
1244 1479 1320 1569 ipso

232 1592 321 1661 furto
348 1594 472 1660 habuit.
522 1593 592 1661 Setl
618 1612 728 1659 tamen
754 1595 818 1662 hoc
845 1611 881 1658 ut
905 1590 1099 1685 largiamur,
1130 1593 1212 1687 quid
1238 1594 1320 1660 inde

232 1711 475 1778 consectarium
495 1708 537 1775 ad
554 1707 783 1776 deliniondum
810 1727 937 1801 tempus
953 1709 1165 1775 Trinummi?
1190 1709 1320 1803 Nempe

231 1821 276 1891 tle
303 1826 343 1890 iis
368 1850 440 1892 csse
454 1823 595 1890 Petilliis
622 1822 832 1915 cogitandum
856 1827 1053 1917 suspicatur,
1080 1825 1233 1916 quicum
1259 1828 1320 1890 tri-

226 1939 315 2006 ·buni
348 1939 461 2032 plebis
497 1959 608 2007 essent
639 1966 666 2005 a.
703 1936 773 2005 566
814 1941 861 2005 Μ.
895 1938 1040 2005 Aemilio
1080 1939 1118 2005 C.
1155 1938 1319 2008 Flaminio

233 2056 345 2135 Coss,
378 2080 496 2148 magno
523 2056 675 2148 Scipioni
701 2055 905 2145 triumphum
932 2058 1063 2148 petenti
1087 2057 1235 2147 quamvis
1261 2083 1319 2123 ve-

232 2171 411 2239 hementer
436 2171 598 2237 adversati
624 2168 705 2234 niltil
732 2189 840 2236 tamen
867 2188 1023 2263 agerent,
1060 2170 1123 2238 scd
1149 2197 1223 2238 cum
1251 2199 1320 2238 ma-

234 2310 299 2380 gno
325 2284 470 2352 invidiae
498 2272 749 2378 calumniaeque
783 2311 860 2351 suae
893 2284 1041 2352 ludibrio
1068 2288 1214 2352 omnium
1238 2312 1319 2377 pro-

231 2401 303 2467 bris
330 2419 528 2466 vexarentur
551 2402 643 2467 Livio
671 2418 754 2467 teste
780 2399 1017 2482 LXXXVIII,
1058 2427 1085 2469 c.
1108 2403 1155 2469 50
1181 2427 1257 2494 sqq.
1286 2421 1319 2469 ct

232 2513 307 2585 Vol.
330 2517 417 2585 Max.
441 2517 500 2598 III,
529 2519 560 2596 7,
586 2521 618 2583 1.
671 2515 760 2600 Quid
786 2517 914 2583 autem?
950 2519 1019 2585 istis
1053 2517 1154 2608 igitur
1178 2515 1317 2583 Petilliis

237 2631 361 2698 fortine
390 2634 570 2725 quicquam
596 2632 774 2700 tribuitur?
801 2632 876 2700 Non
903 2633 1020 2700 hercle
1044 2659 1061 2699 a
1086 2633 1318 2725 scriptoribus,

233 2771 352 2816 verum
388 2749 517 2816 hariolo
550 2768 665 2815 nostro
693 2750 720 2815 si
754 2749 940 2830 credimus,
974 2774 1109 2815 rumore
1136 2747 1254 2842 populi
1289 2769 1322 2815 et

234 2863 425 2957 aequalium
451 2865 610 2934 dicteriis.
645 2864 781 2932 Scilicet
807 2889 882 2931 cum
909 2865 987 2932 Iove
1016 2864 1206 2957 Capitolino
1231 2890 1322 2932 cotn-

232 2997 384 3072 paratum
421 3004 492 3046 csse
528 2978 739 3072 Scipionem,
781 3005 855 3046 cum
888 2981 974 3047 lovis
1006 3002 1128 3046 corona
1163 3003 1322 3046 coronam

235 3094 484 3186 triumphalem,
512 3093 602 3161 illam
629 3114 736 3162 autem
763 3094 866 3161 surari
891 3093 977 3162 velle
1003 3095 1124 3174 dictos,
1152 3096 1210 3187 qui
1236 3095 1323 3160 hanc

236 3209 368 3302 eripere
387 3209 536 3303 Scipioni
555 3210 740 3280 studerent.
776 3212 866 3278 Haec
885 3212 953 3279 sive
976 3231 1067 3279 recte
1086 3238 1145 3279 seu
1161 3237 1321 3305 pervorse

235 3323 324 3392 dicta
339 3344 424 3404 sunt,
443 3345 547 3392 semet
562 3326 681 3393 fatetur
694 3328 905 3393 Peterscnius
919 3326 1071 3395 credere.
1098 3326 1242 3394 Sibimet
1259 3329 1321 3420 igi.

234 3457 288 3508 tur
304 3439 432 3506 credat:
452 3466 565 3533 neque
580 3444 669 3508 enim
684 3440 866 3508 verendum
883 3458 932 3507 est
952 3467 994 3507 nc
1012 3459 1077 3508 tam
1091 3444 1173 3507 mira
1192 3445 1321 3508 somnia

233 3554 305 3621 aliis
323 3579 467 3648 unquam
485 3557 695 3648 persuadeat.
722 3563 789 3623 Aut
805 3559 892 3623 cuim
911 3557 976 3624 hoc
992 3575 1042 3623 est
1054 3555 1250 3624 hallucinari
1266 3577 1322 3625 aut

232 3667 326 3735 nihil.
369 3671 411 3736 Et
430 3671 528 3737 nobis
548 3671 668 3738 ficticia
695 3670 800 3737 videri
825 3670 905 3738 olim
927 3671 1181 3764 significavimus
1205 3674 1317 3757 Musei

220 3783 346 3877 philol.
380 3787 518 3852 anobis
543 3786 797 3879 Wclclsetoquc
820 3786 902 3853 editi
931 3785 995 3854 vol.
1016 3787 1053 3866 I,
1081 3814 1113 3880 p.
1133 3788 1180 3858 33
1202 3787 1318 3880 (supra

229 3923 264 3992 p.
287 3899 367 3970 256.
385 3898 438 3970 cll.
462 3899 560 3986 233.)
593 3902 714 3995 Neque
731 3903 769 3969 C.
786 3902 823 3967 F.
842 3904 1034 3969 Hermanno
1051 3904 1224 3995 persuasit„
1250 3904 1315 3984 Qui

230 4040 309 4081 cum
334 4040 403 4082 non
428 4039 501 4080 cum
520 4015 628 4082 videri
644 4016 794 4084 Plautum
821 4018 921 4083 luisse
937 4018 1106 4083 monuerit
1121 4018 1154 4081 in
1172 4017 1312 4109 Ephem.

225 4128 287 4200 litt
313 4131 386 4196 Hal.
412 4157 439 4197 a.
469 4133 562 4204 1838
589 4159 631 4198 rn.
657 4135 727 4199 lan.
753 4159 785 4225 p.
805 4131 885 4212 136,
927 4135 985 4227 qui
1011 4133 1224 4226 optimatibus
1249 4158 1313 4225 po-

228 4247 388 4313 tissimum
416 4246 542 4314 faveret
566 4249 754 4342 horumque
779 4247 985 4315 adversarios
1010 4251 1131 4316 acerbe
1148 4252 1312 4341 perstrin-

227 4381 337 4456 geret:
372 4387 432 4432 nos
466 4363 602 4456 quidem
640 4368 785 4432 certiore
812 4368 910 4431 etiam
934 4384 1128 4458 argumento
1156 4367 1221 4433 hoc
1247 4367 1313 4430 uti·

226 4503 310 4557 mur,
336 4478 439 4573 quoti,
465 4482 491 4546 si
519 4479 569 4546 vel
597 4481 737 4546 maxime
763 4480 957 4573 probabiles
984 4482 1049 4547 sint
1074 4480 1225 4572 reliquae
1247 4483 1311 4546 Pe-

221 4595 342 4663 terscni
370 4597 592 4676 coniecturae,
620 4616 728 4663 tamen
756 4596 849 4663 nullo
875 4595 975 4663 modo
1002 4595 1094 4663 idem
1116 4596 1232 4662 haberi
1254 4599 1307 4662 Li-

222 4710 335 4777 rinus
351 4711 615 4806 Horatianusque
640 4712 789 4780 Petillios
815 4715 972 4806 potuerit
999 4717 1080 4782 Nam
1092 4715 1306 4807 Capitolinus
