2820 5332
335 506 345 527 Ι

441 720 555 765 estvm
582 721 846 766 turuasserravs.
1110 696 1181 772 367

97 892 363 975 demonstrabit,
401 919 501 987 quam
537 892 629 988 quod
662 894 707 961 de
733 896 939 962 Varroniana
960 874 1081 962 Plauti
1103 898 1186 960 con'-

97 1024 252 1077 textuum
287 1014 487 1077 recensione
526 1009 605 1077 olim
639 1011 792 1078 Osannus
817 1010 991 1078 somniarit
1016 1007 1185 1077 Analectis

98 1153 132 1219 p
158 1129 238 1196 158.
289 1124 417 1209 Quodsi
450 1152 494 1192 ne
528 1126 619 1193 Festi
646 1126 783 1220 quidem
805 1128 908 1195 verba
934 1121 990 1192 illa
1014 1127 1187 1220 negotium

99 1242 195 1308 nobis
221 1241 390 1308 facessere
415 1219 607 1334 potueiunt,
632 1240 738 1309 multo
763 1241 860 1309 etiam
878 1244 987 1309 minus
1000 1243 1035 1307 in
1049 1262 1089 1309 'eo
1107 1243 1188 1310 hae-

99 1378 261 1434 reremus,
282 1358 310 1420 si
336 1354 378 1420 ad
403 1354 548 1421 subulam
575 1354 757 1424 Plautinam
780 1374 935 1450 spectans
952 1354 1041 1424 Aelii
1067 1357 1188 1425 obser·

99 1471 184 1536 ratio
212 1468 378 1562 quaedam
403 1496 421 1536 a
447 1470 554 1538 Plinio
578 1473 650 1538 Nat.
676 1471 750 1537 bist
777 1472 867 1551 XIV,
892 1473 1187 1543 cmmemores

102 1610 219 1651 revera
245 1584 333 1652 Aelii
362 1584 500 1653 Stilonis
524 1606 622 1667 esset,
648 1610 734 1681 quae
759 1586 911 1654 Heusdio
938 1610 1032 1654 mens
1058 1587 1120 1654 suit
1148 1589 1188 1655 L.

102 1700 238 1769 Aelium
252 1726 316 1795 pro
335 1701 498 1769 librorum
513 1706 677 1796 scriptura
693 1700 846 1770 Laelium
863 1704 1059 1798 reponentis
1076 1728 1109 1795 p.
1124 1707 1188 1775 77:

100 1814 386 1907 quemadmodum
425 1816 516 1884 idem
547 1840 611 1910 pro
650 1817 770 1885 eudem
801 1819 936 1911 pridem
960 1820 1119 1888 Ciceroni
1145 1817 1190 1885 de

104 1929 167 2023 leg.
195 1931 237 2013 11,
257 1959 286 2002 e.
301 1936 349 2003 ‘23
372 1935 604 2002 restituerunt.
631 1937 777 2029 De'quo
803 1935 917 2028 paullo
942 1951 1022 2031 post
1047 1935 1190 2005 dicetur.

605 2152 636 2239 §-
661 2153 693 2221 5.

202 2308 410 2405 Expeditior,
437 2332 536 2405 quam
564 2308 608 2379 de
636 2306 758 2405 Capro,
784 2310 829 2378 de
855 2304 963 2378 Plauti
994 2312 1019 2377 si
1044 2300 1095 2377 dis
1117 2308 1192 2404 pla·
1220 2404 1223 2409 μ

104 2444 157 2493 cet
176 2425 352 2495 scholiasta
377 2430 556 2494 Aruntio
584 2427 714 2495 Celso
741 2429 892 2520 quaestio
912 2440 969 2493 esi„
996 2429 1081 2496 Huic
1095 2454 1192 2496 suum

103 2544 194 2608 inter
208 2547 430 2610 Terentianus
456 2542 662 2636 interpretes
685 2542 795 2610 locum
823 2541 1014 2610 concedere
1037 2568 1105 2610 non
1128 2540 1191 2610 du·
1266 2540 1270 2547 ’

103 2658 218 2723 bitasit
241 2678 318 2751 post
342 2658 525 2726 Bentleium
552 2674 662 2726 annot
700 2659 735 2724 iu
761 2648 865 2726 Andr.
894 2657 919 2738 I,
947 2664 978 2740 l,
1003 2656 1050 2726 43
1085 2659 1194 2726 Sclro·

103 2796 210 2866 penus
236 2799 269 2867 p.
296 2774 354 2843 38.
408 2774 508 2867 Atqui
533 2775 618 2841 haec
644 2773 809 2840 sententia
834 2772 912 2840 solis
937 2775 1052 2839 nititur
1074 2772 1193 2841 Chari-

106 2888 145 2953 sii
175 2889 323 2981 quinque
346 2890 541 2956 testimoniis
563 2913 701 2981 prorsus
728 2891 770 2953 ita
795 2891 1003 2982 comparatis,
1030 2888 1111 2954 utin
1128 2896 1194 2954 una

107 3003 164 3069 ubi
189 3003 351 3096 particula
377 3005 482 3071 omnis
508 2999 760 3098 argumentandi
786 3003 833 3070 vis
859 3000 1015 3071 vertatur.
1053 3004 1100 3070 Ut
1124 3015 1194 3071 noti

106 3123 219 3201 mirer,
258 3121 286 3187 si
308 3121 382 3213 quis
408 3119 552 3187 similem
577 3119 621 3186 de
647 3114 745 3188 Celso
773 3147 810 3188 ac
837 3118 879 3187 de
907 3121 1039 3215 Capro,
1071 3116 1194 3203 Probo,

106 3239 221 3329 Longo
244 3235 485 3303 dubitationem
510 3251 649 3304 moveat.
699 3236 749 3304 Ae
778 3235 949 3304 fatendum
974 3255 1066 3303 uerte
1093 3236 1195 3303 multa

107 3355 143 3418 in
172 3352 238 3419 hoc
277 3376 401 3446 genere
435 3354 560 3420 incerta
586 3374 733 3420 manere.
783 3356 858 3436 Quo
893 3354 1065 3446 pertinere
1096 3350 1195 3420 etiam

105 3520 348 3531 ———-—-—n

213 3617 268 3669 sqq.
288 3601 441 3668 expositum.
477 3600 536 3653 Fuit
560 3607 643 3652 tamen
669 3600 712 3668 qui
740 3602 921 3653 continentaria
949 3601 976 3653 in
993 3601 1077 3654 Plauti
1096 3597 1196 3654 fabulas

216 3690 395 3756 composuisse
421 3700 478 3739 curn
506 3689 614 3741 sistunt
639 3693 665 3739 et
683 3690 767 3755 Aspre
786 3691 862 3740 etiarn
881 3688 1021 3740 Varronem
1041 3687 1197 3755 perhiberet,

214 3776 340 3842 Gyraldua
357 3776 390 3828 de
413 3784 481 3843 poet.
499 3776 559 3828 bist.
581 3775 642 3828 tint.
661 3776 734 3840 vni,
751 3793 776 3844 p.
798 3778 850 3830 887
870 3776 929 3833 lias,
942 3804 975 3818 ·-
996 3778 1020 3827 Α
1037 3773 1132 3826 talibus
1147 3789 1196 3826 au-

213 3873 264 3916 tern
285 3865 493 3933 qlossematorens
518 3865 790 3932 interpretationibus,
825 3862 915 3931 quales
945 3862 972 3915 L.
1000 3862 1088 3926 Aelii,
1110 3861 1197 3929 Opilii,

212 3952 322 4016 Claudii,
342 3953 422 4020 ipsius
441 3948 562 4004 Varronis
584 3954 695 4016 suerunt,
714 3951 845 4018 proiectus
866 3958 906 4002 est
924 3951 980 4001 siva
998 3950 1103 4001 Verrius
1119 3948 1196 4000 Flac-

212 4055 258 4091 cus
276 4039 443 4105 aiveinons,
459 4043 571 4107 receptis
591 4039 719 4090 ebnnnuis
742 4034 937 4103 glossarum
955 4032 1197 4087 Plautianum

210 4126 353 4189 ordinibus,
372 4140 479 4195 quorun
497 4126 648 4195 quibusdam
666 4126 693 4176 in
709 4123 774 4174 loeis
792 4137 844 4174 uon
857 4121 976 4189 ambigua
989 4122 1100 4188 vestigia
1113 4120 1199 4173 nasi·-

215 4214 263 4265 leri
284 4213 417 4282 diligentia
436 4214 568 4281 indagavit
583 4211 691 4282 praefat.
709 4211 780 4263 Fosi.
799 4226 825 4278 p.
847 4211 905 4262 ΧΙΧ
931 4225 990 4261 ann.
1012 4211 1034 4259 1.
1054 4209 1080 4272 5,
1100 4224 1125 4276 p.
1144 4208 1199 4274 XX,

215 4306 275 4358 ann.
297 4304 322 4354 4.
342 4301 381 4354 Gi.
399 4318 424 4368 p.
444 4292 578 4354 ixit-
594 4304 714 4355 Ceterum
735 4297 862 4351 hocloco
881 4296 949 4367 quod
968 4294 1094 4347 deliciis
1114 4297 1199 4365 signi-

216 4385 306 4455 ficavi,
334 4405 385 4440 aon
409 4395 525 4457 putatam
547 4387 583 4439 itt'
607 4403 621 4440 a
651 4399 780 4456 quoquam
802 4382 960 4436 intellectam
980 4381 1022 4433 vei
1041 4384 1126 4450 potius
1145 4389 1199 4436 nnn

212 4478 373 4530 intellectum
396 4479 437 4541 iri,
455 4486 482 4529 ut
501 4477 596 4544 iactum
614 4476 666 4528 vidi
684 4492 699 4527 a
717 4473 895 4541 liuenigboiiio
914 4473 1012 4526 comm.
1031 4474 1063 4526 tle
1083 4473 1198 4526 scholia-

215 4575 270 4618 stae
288 4567 313 4617 in
330 4567 477 4619 Terentium
493 4574 549 4617 arte
570 4566 660 4616 critica
677 4564 812 4633 (Aquisgr.
834 4576 857 4614 s.
879 4562 959 4633 ¹840)
978 4580 1008 4631 pe
1025 4562 1069 4629 18,
1096 4561 1140 4615 ubi
1157 4576 1199 4612 ma

213 4657 250 4707 ait
266 4656 292 4706 in
312 4666 369 4708 asin
386 4656 542 4707 senteutiam
560 4649 703 4715 inclinare,
728 4657 756 4702 ut
784 4649 886 4704 Aelium
905 4642 1029 4706 Plautinis
1054 4646 1200 4705 solebatis

216 4741 406 4798 accensendum
422 4755 482 4795 otta
499 4747 595 4809 putem.
1048 4742 1051 4747 '
