2820 5332
243 699 316 775 418
653 726 706 768 vn.
733 727 774 768 oa
799 726 914 770 aaavrr

244 906 389 971 tinorum
416 897 530 966 dedita
565 920 669 989 opera
694 898 868 989 inquirens
894 897 991 964 huius
1020 922 1172 992 quoque,
1202 903 1239 966 in
1263 928 1331 996 qua

242 1040 433 1093 versamur,
475 1011 605 1108 fabulae
628 1011 798 1105 duplicem
824 1037 1006 1106 agnoscere
1038 1017 1271 1083 recensionem
1296 1038 1332 1085 et

241 1135 303 1200 sihi
330 1133 419 1195 visus
447 1147 498 1194 est
521 1147 554 1195 et
579 1126 650 1193 aliis
678 1126 880 1220 persuadere
905 1126 1030 1194 studuit
1061 1127 1145 1196 adeo
1171 1129 1328 1226 neglecto

240 1247 299 1314 illo
324 1264 595 1339 argumentorum
621 1266 756 1336 genere,
783 1267 850 1336 quo
870 1244 1025 1311 ususiam
1048 1245 1224 1313 Meroerus
1243 1266 1327 1328 erat,

238 1382 275 1430 nt
303 1386 346 1427 ne
383 1384 485 1426 unum
518 1356 659 1452 quidem
691 1357 951 1450 fragmentorum
980 1384 1021 1426 ex
1052 1361 1276 1431 Bacchidibus
1304 1391 1324 1431 a

237 1477 457 1572 grammaticis
498 1474 720 1566 repetiturum
757 1498 836 1540 suae
874 1472 1056 1541 adhiberet
1093 1475 1324 1569 disputationi.

237 1597 331 1677 Quae
354 1607 465 1656 autem
491 1607 525 1655 et
550 1587 660 1681 qualia
683 1591 769 1679 ipse*
784 1609 976 1682 argumenta
1008 1592 1044 1655 in
1068 1590 1218 1659 medium
1239 1619 1324 1686 pro·

237 1707 361 1786 tulerit,
387 1723 464 1798 post
488 1702 612 1797 paullo,
637 1701 838 1796 simulatque
859 1702 943 1771 alius
968 1707 1019 1771 rei
1038 1707 1242 1776 mentionem
1265 1709 1321 1776 fe-

236 1825 380 1890 cerimus
409 1821 485 1888 item
512 1823 552 1886 ab
571 1818 706 1886 Osanno
723 1821 988 1911 praetermissae,
1012 1819 1219 1890 videbimus.¹
1247 1825 1320 1917 Ap·

196 1917 202 1929 *
233 1940 342 2031 prime
371 1937 460 2002 enim
487 1959 672 2028 congruere
698 1935 733 1999 in
759 1932 902 2025 duplicis
926 1937 1132 2003 recensionis
1156 1941 1321 2031 suspicio-

234 2079 313 2119 nem
335 2052 499 2117 debuerat
532 2047 751 2116 memorabile
783 2050 927 2116 Charisii
962 2052 1185 2118 testimonium
1210 2052 1318 2120 videri

235 2194 268 2263 p.
283 2164 362 2247 184,
378 2174 415 2240 7:
440 2163 624 2238 Meditata.
650 2161 795 2233 Plautus
819 2169 856 2231 r'n
880 2162 1124 2233 Bacchidibus:
1149 2166 1321 2262 Edepol

235 2309 289 2350 ne
314 2302 361 2349 tu
387 2279 569 2348 illorum
601 2304 741 2347 mores
770 2304 978 2374 perquam
1013 2281 1233 2350 meditate
1258 2300 1319 2350 te·

236 2423 320 2465 nes.
372 2402 409 2463 in
435 2395 634 2489 quibusdam
666 2419 738 2461 non
757 2398 898 2482 serunt.
959 2397 1120 2490 Apertum
1153 2416 1204 2465 est
1236 2392 1316 2487 (sed

234 2531 387 2606 opertum
413 2508 658 2596 Lindemanno)
688 2510 927 2603 exemplarium
941 2509 1197 2605 discrepantiam
1215 2514 1318 2608 signi-

233 2631 336 2707 ficari,
362 2629 397 2693 in
423 2651 565 2719 quorum
591 2645 687 2718 parte
712 2651 781 2692 non
805 2626 937 2718 legatur
953 2625 1012 2694 ille
1035 2653 1160 2706 versus,
1186 2630 1245 2722 qui
1267 2647 1320 2696 est

235 2745 296 2824 ΙΙΙ,
321 2742 354 2822 6,
384 2740 437 2811 16.
500 2743 704 2834 Corruptum
741 2743 830 2807 enim
848 2745 979 2829 ferunt
1002 2761 1052 2810 est
1077 2768 1118 2810 ex
1131 2747 1317 2831 feruntur,

233 2860 393 2953 idemque
420 2859 522 2926 verba
547 2856 603 2923 illa
629 2856 758 2938 valent,
785 2856 878 2949 quod
900 2881 967 2925 non
993 2882 1068 2927 raro
1093 2858 1184 2950 apud
1210 2859 1319 2927 Grae·

235 3003 291 3044 cos
316 2977 411 3042 obvia
438 2967 474 3041 iv
497 2995 598 3040 τισιν
621 2971 664 3039 οὐ
691 2971 853 3068 φέρεται.
875 2971 905 3057 *)
968 2972 1140 3041 Simillime
1165 2976 1318 3041 Donatus

123 3119 128 3134 ⁴
233 3095 268 3158 in
294 3090 437 3182 Adelph.
468 3090 527 3170 ΙΙΙ,
553 3089 590 3155 5:
617 3089 654 3154 lai
675 3113 738 3154 sex
764 3115 878 3154 versus
904 3094 941 3155 in
954 3088 1152 3181 quibmdam
1177 3094 1318 3171 noasse-

234 3225 367 3274 rnntnr.
430 3205 548 3272 Videri
581 3223 688 3271 antem
725 3203 814 3269 illam
849 3207 1094 3272 annotationem
1124 3229 1164 3270 ex
1191 3206 1314 3272 veteris

233 3323 428 3389 scholiastae
443 3320 678 3387 commentario
697 3344 844 3385 manasse
868 3345 968 3411 supra
989 3319 1168 3412 significavi
1188 3345 1221 3411 p.
1232 3320 1315 3392 386.

233 3441 282 3504 Ac
309 3435 454 3502 notabile
488 3453 537 3500 est
569 3437 602 3498 in
627 3433 743 3501 codice
779 3432 925 3501 Palatino
960 3432 1063 3503 altero
1090 3460 1114 3500 s.
1139 3434 1311 3503 decurtato

235 3550 358 3619 voculis
385 3550 542 3616 Plautinis
569 3569 673 3618 neec
695 3573 860 3642 perquam
884 3548 1048 3614 meditate
1073 3550 1314 3642 superscriptas

235 3668 353 3735 eadem
377 3666 515 3760 quidem
541 3667 648 3731 veteri
673 3692 772 3731 manu
797 3666 855 3731 has
884 3690 975 3733 esse:
1004 3681 1109 3741 certe,
1134 3664 1231 3730 valde
1256 3689 1314 3729 sn·

233 3790 378 3878 pienter.
442 3781 612 3848 Eiusmodi
643 3800 749 3848 autem
782 3780 974 3875 glossemata
1008 3804 1076 3848 uon
1111 3781 1153 3846 ab
1178 3781 1315 3848 noviciis

298 4061 401 4133 ·)Na1n
422 4078 478 4112 cunt
497 4079 530 4112 nr
549 4060 648 4126 syllaba
668 4060 796 4112 scribendi
825 4061 977 4128 compendio
997 4060 1046 4112 hoc
1065 4069 1195 4112 notaretur
1212 4059 1318 4128 fernus,

340 4172 391 4207 non
411 4171 468 4207 raro
486 4164 619 4223 peccatum
639 4163 679 4207 est
697 4158 724 4207 in
742 4165 995 4224 utramquepartem.
1033 4157 1077 4209 Sic
1096 4156 1189 4208 Bacch.
1210 4156 1231 4220 l,
1246 4157 1269 4220 l,
1285 4157 1317 4209 10

341 4253 480 4303 resonatur
498 4253 524 4302 in
544 4252 590 4303 Ed.
614 4253 695 4318 princ.
715 4260 861 4317 eonuptun
880 4260 919 4303 est
938 4252 1108 4315 inmeiat,
1127 4253 1156 4315 V,
1175 4253 1201 4314 2,
1223 4251 1255 4303 13
1273 4252 1318 4303 ist·

341 4357 443 4399 tuentur
460 4349 486 4397 in
506 4347 644 4398 Decurtato
663 4350 688 4399 in
708 4350 814 4399 intueat.
862 4347 957 4400 Contra
981 4364 1027 4416 pro
1053 4352 1153 4400 eradat
1175 4348 1220 4412 tlt,
1239 4348 1265 4410 3,
1283 4348 1318 4400 89
1352 4407 1355 4418 Ι

342 4443 387 4493 Ed.
412 4443 532 4510 princeps
552 4458 609 4494 cnm
628 4443 754 4510 lipsiensi
772 4443 830 4495 cod.
850 4443 972 4495 exhibent
989 4445 1136 4511 passivum:
1166 4444 1192 4494 in
1212 4443 1319 4495 iisdem-

344 4554 396 4605 que
415 4538 486 4589 libris
507 4536 602 4605 legitur
620 4537 688 4606 quod
707 4537 840 4606 vulgatum
856 4546 897 4590 est
914 4538 959 4603 ΙΙΙ,
979 4539 1005 4602 o,
1020 4540 1051 4592 19
1073 4542 1252 4607 frmtruatar,
1271 4555 1320 4590 cn-

346 4635 386 4684 ius
406 4632 557 4685 emendandi
579 4635 644 4685 viam
665 4641 788 4685 monstrat
806 4633 936 4686 Deenrtati
955 4636 1081 4703 scriptura
1097 4633 1249 4703 nunnus.-

377 4728 469 4797 ’Δίρκα
485 4729 513 4782 is'
532 4746 560 4781 se
581 4745 637 4782 esan
652 4732 799 4798 sensnm,
827 4731 954 4798 [nemas
970 4731 1038 4785 tilios
1055 4729 1143 4784 stolidi
1159 4733 1324 4786 artatumat.
