2820 5332
247 647 320 729 488
416 674 487 718 van.
538 673 580 716 na
608 671 750 716 renarro
778 671 945 716 sceuauvu
971 673 1091 717 ornum

246 847 326 914 dum
345 849 505 914 rationem
525 843 633 911 valete
646 842 959 936 argumentandique
972 845 1200 911 necessitatem
1218 871 1329 938 quam

243 960 297 1030 vel
330 963 629 1054 antiquissimorum
668 961 896 1026 auctoritatem
929 946 1203 1026 testimoniorum.
1264 960 1323 1027 Ne

243 1078 318 1170 quis
344 1095 452 1143 autem
476 1076 572 1141 buius
596 1076 802 1167 potissimum
826 1073 1026 1141 emendandi
1051 1075 1195 1168 generis,
1221 1075 1323 1168 quod

241 1215 394 1259 versuum
422 1191 673 1282 transpositione
701 1191 898 1269 continetur,
925 1190 1058 1255 nimiam
1083 1191 1118 1255 in
1144 1193 1232 1258 curia
1248 1215 1324 1258 no-

242 1307 317 1371 stris
345 1307 465 1395 criticis
483 1304 704 1398 frequentiam
730 1305 964 1385 stomachetur,
989 1303 1113 1371 fontem
1141 1304 1227 1371 illius
1257 1305 1324 1373 de-

238 1423 437 1513 pravationis
463 1420 557 1485 sacile
589 1421 724 1486 efficiam
750 1436 787 1485 ut
814 1436 968 1511 tanquam
1003 1419 1107 1486 oculis
1138 1421 1321 1488 intueatur.

239 1535 504 1628 Exemplo'csto
536 1537 608 1626 ipse
641 1536 744 1603 Vetus
786 1534 896 1602 codex
932 1536 1133 1615 Camerarii,
1178 1537 1213 1600 iu
1247 1561 1321 1628 quo

242 1650 417 1718 sciendum
446 1668 495 1717 est
527 1676 600 1717 eam
635 1676 705 1717 esse
731 1651 913 1742 scripturae
939 1653 1123 1730 rationem,
1159 1670 1216 1736 ut,
1256 1652 1322 1718 etsi

239 1767 442 1859 plerumque
477 1766 617 1857 simplex
652 1791 804 1832 versuum
838 1765 921 1832 ordo
944 1793 962 1830 a
990 1791 1113 1831 summa
1148 1765 1319 1831 adimam

240 1883 394 1973 paginam
427 1882 653 1961 continuatur,
689 1898 796 1946 tamen
829 1905 1067 1973 nonnunquam
1100 1882 1196 1950 etiam
1227 1881 1333 1949 binis·

242 1997 549 2089 ordinibusl(quos
575 1977 718 2062 barbare
745 1994 846 2062 hodie
881 1996 1050 2062 columnas
1083 1993 1214 2080 vocant)
1248 1998 1320 2060 siu-

242 2112 336 2204 gulae
362 2113 500 2205 paginae
528 2111 655 2178 divisae
682 2113 755 2178 siut
819 2113 889 2179 lloc
915 2112 973 2176 ubi
999 2112 1052 2190 fit,
1090 2137 1164 2179 cum
1186 2136 1320 2176 rursum

243 2226 370 2317 duplici
396 2226 495 2292 modo
519 2228 703 2293 continuari
729 2252 843 2294 versus
868 2227 1005 2318 possint,
1032 2243 1067 2292 ut
1087 2242 1142 2291 aut
1157 2225 1221 2291 boc
1240 2249 1318 2290 sese

245 2341 364 2408 ordine
391 2342 558 2434 excipiant

641 2464 656 2525 1

638 2576 659 2641 9

639 2693 661 2759 3

643 2924 657 2984 1
873 2920 896 2985 2

639 3032 661 3098 3
871 3030 894 3100 4

640 3149 661 3212 5
872 3147 894 3215 6

248 3278 425 3352 utrumque
451 3287 552 3354 genus
589 3260 864 3330 collocandorum
897 3287 1048 3329 versuum
1072 3265 1167 3330 iniis
1197 3263 1323 3329 codicis

246 3381 416 3474 partibus,
450 3407 533 3473 quae
557 3383 725 3475 bipertitis
750 3384 879 3474 paginis
907 3397 1057 3447 constant
1072 3432 1082 3462 ,
1116 3407 1176 3446 usu
1204 3381 1322 3446 evenit.

249 3494 352 3561 Velut
382 3497 416 3559 in
448 3497 615 3587 bipertitis
648 3499 778 3590 paginis
806 3498 935 3563 initium
971 3497 1131 3589 Rudentis
1162 3497 1326 3587 scriptum

250 3630 300 3677 est
325 3612 359 3676 iu
385 3613 606 3703 posteriorem
632 3616 788 3704 speciem,
811 3633 888 3706 post
912 3613 1039 3706 aliquot
1055 3629 1162 3678 autem
1187 3612 1325 3703 paginas

246 3749 315 3791 non
340 3726 514 3818 bipertitas
535 3726 616 3793 iude
645 3729 685 3792 ab
703 3729 729 3809 I,
743 3731 775 3808 3,
790 3728 836 3798 35
862 3752 995 3795 rursum
1018 3726 1083 3792 illis
1109 3726 1219 3792 divisis
1242 3749 1326 3815 per-

248 3841 335 3932 gitur
359 3841 395 3906 in
420 3843 569 3933 priorem
604 3847 754 3935 speeiem
789 3844 947 3912 ordinatis
986 3843 1149 3909 versibus.
1209 3839 1324 3923 Qualis

248 3955 459 4025 librariorum
484 3959 702 4033 inconstantia
716 3958 813 4026 sacile
831 3959 1025 4053 intelligitur
1043 3975 1237 4050 quantarum
1259 3972 1329 4025 tur-

248 4071 367 4138 barum
392 4096 460 4139 non
486 4072 594 4140 dicam
619 4077 766 4166 potuerit
791 4074 867 4141 fons
889 4100 973 4152 esse,
1001 4073 1060 4140 sed
1078 4069 1331 4164 propemodum

248 4209 317 4252 non
341 4189 487 4280 potuerit
511 4213 579 4256 non
603 4215 686 4257 esse.
737 4189 844 4256 Multo
867 4209 976 4256 autem
990 4188 1092 4279 magis
1112 4183 1329 4252 memorabile

250 4317 284 4366 et
309 4320 344 4367 ut
368 4326 476 4395 prope
501 4302 603 4371 fidem
629 4325 766 4399 superet
789 4304 871 4371 illud
901 4325 969 4384 est,
1008 4301 1100 4396 quod
1128 4300 1330 4394 quibusdam

248 4415 379 4483 Veteris
406 4417 494 4485 illius
525 4421 686 4513 exemplis
720 4440 896 4512 utrumque
934 4446 1036 4514 genus
1062 4417 1218 4485 librarius
1244 4441 1329 4506 pro·

246 4533 371 4599 misene
404 4535 439 4598 iu
474 4560 536 4601 una
573 4536 756 4630 eademque
792 4539 911 4629 pagina
936 4557 986 4603 est
1018 4554 1158 4603 secutus.
1209 4530 1265 4597 Sic
1293 4533 1329 4596 iu

245 4646 492 4729 Menaechmis,
527 4678 613 4745 quaa
640 4653 750 4719 sabula
772 4660 888 4745 inagna
914 4679 953 4719 ex
979 4669 1073 4745 parte
1099 4652 1133 4715 iu
1156 4649 1328 4739 bipertitis
