2820 5332
532 699 751 744 atccnrntavs.
1108 680 1179 752 407

105 871 295 937 Perizonius
321 872 355 933 in
378 866 505 934 Aeliau.
531 870 607 935 Var.
634 869 708 938 hist.
733 870 776 951 tl,
803 875 834 947 2,
858 871 1128 942 Hemsterhusius
1153 877 1188 942 iu

101 988 237 1052 Lucian.
263 987 395 1052 Timon.
424 1000 494 1076 cap.
522 987 569 1053 22
593 984 656 1052 vol.
684 987 709 1065 l,
735 1012 770 1077 p.
798 986 866 1055 134
892 1013 954 1081 sq„
987 992 1189 1082 Wyttenba-

106 1102 199 1170 chius
222 1102 256 1166 in
281 1101 448 1167 Plutarch.
477 1098 520 1167 de
548 1099 690 1167 discern.
717 1099 803 1166 adul.
829 1103 870 1167 ab
898 1105 994 1170 amic.
1016 1130 1049 1195 p.
1076 1107 1124 1176 58
1147 1109 1189 1173 D·

105 1214 294 1302 (Animadv.
317 1217 351 1281 in
377 1212 496 1282 Merui.
523 1214 590 1285 vol.
616 1217 641 1294 I,
663 1242 697 1307 p.
723 1213 820 1294 471),
857 1215 1191 1311 Schweighaeuserus

103 1330 137 1396 in
159 1331 302 1424 Appian.
326 1330 369 1397 de
396 1330 476 1397 bell.
503 1329 590 1397 civil.
618 1332 658 1409 V,
683 1333 715 1402 9·
741 1357 776 1423 p·
802 1331 884 1400 723·
919 1333 973 1398 Ad
998 1359 1054 1400 cos
1082 1352 1191 1401 autem

106 1444 296 1514 sacerdotes
324 1470 534 1513 communem
548 1444 788 1513 tradendarum
805 1446 1191 1542 concredeudarumque

102 1563 320 1654 pecuniarum
352 1586 480 1628 morem
504 1563 717 1653 pertinuisse,
745 1563 878 1657 profugi
907 1564 1101 1658 exemplum
1124 1566 1193 1631 Xe·-

105 1676 287 1768 nophontis
322 1675 421 1744 docet
454 1675 543 1769 apud
570 1679 758 1769 Diogenem
791 1696 823 1744 et
845 1680 878 1745 in
904 1680 1008 1773 ipsius
1035 1679 1192 1771 Expedit

107 1791 186 1885 Cyr.
212 1794 262 1873 V,
288 1795 327 1873 3,
353 1790 386 1860 6.
437 1792 476 1857 In
510 1791 593 1858 liaec
628 1817 706 1858 sanc
737 1794 788 1858 vix
815 1792 946 1860 videtur
969 1820 1044 1863 casu
1072 1819 1195 1863 conve-

107 1909 190 1987 nire,
214 1906 306 2001 quod
331 1908 504 2001 Megabyzi
531 1907 655 1975 aeditui
680 1910 806 1976 mentio
832 1909 917 1977 sacta
943 1929 991 1976 est
1016 1908 1195 1977 Menandri

108 2020 174 2103 Δὶς
198 2016 425 2106 ἐξαπατῶντι
451 2025 586 2090 testibus
609 2023 729 2091 Photio
751 2050 784 2116 p·
811 2027 878 2103 50,
905 2023 927 2093 6
963 2044 996 2093 ct
1027 2024 1131 2092 Suida
1162 2051 1194 2091 v.

111 2135 272 2234 ζάκορος,
299 2163 441 2232 quorum
467 2140 552 2206 baec
575 2159 651 2225 sunt
679 2141 794 2206 verba:
817 2137 993 2232 Ζάκοροςε
1019 2137 1194 2233 νεωκόρος.

109 2246 321 2348 Μένανδρος
346 2247 411 2332 Δὶς
436 2246 673 2336 ἐξαπατῶντι·

600 2369 643 2436 οὐ
670 2361 884 2464 Μεγάβυζος
910 2361 962 2448 ἦν,

306 2479 410 2564 ὅστις
434 2484 576 2576 γένοιτο
602 2479 762 2579 ξάκορος.

111 2603 167 2673 Sic
191 2604 278 2670 enim
303 2604 386 2670 hacc
410 2619 501 2669 recte
527 2600 693 2668 Bentleius
718 2602 889 2695 disposuit.
924 2604 976 2669 De
997 2603 1197 2695 iuterpreta-

111 2721 201 2788 tionc
241 2738 351 2786 autem
385 2743 451 2783 nec
476 2717 730 2785 Hemsterhnsio
757 2721 939 2799 assentior,
977 2714 1196 2811 Μεγάβυζον

110 2860 174 2928 pro
203 2835 355 2902 eunucho
378 2835 521 2926 positum
549 2834 696 2925 putanti,
734 2859 797 2901 nec
830 2835 966 2926 Toupio
991 2833 1133 2899 Emend.
1160 2835 1196 2900 in

113 2950 205 3019 Suid.
231 2954 265 3017 P.
291 2951 334 3031 ΙΙ,
361 2976 395 3041 p.
425 2951 492 3020 153
518 2950 608 3040 Lips.
635 2951 683 3014 sic
708 2952 869 3016 vertenti:
897 2949 983 3015 alim
1005 2965 1056 3015 est
1073 2945 1196 3038 Μεγά-

112 3060 227 3158 βυζος,
253 3066 337 3131 alius
364 3057 521 3153 ζάκορος,
549 3064 615 3130 vei:
640 3068 699 3155 qui
723 3059 893 3160 ζάκορος,
920 3064 1104 3131 nunidem
1128 3070 1195 3133 uti-

112 3207 176 3271 que
200 3173 421 3273 Μεγάβυζος.
445 3179 533 3263 Quid
556 3199 606 3246 est
633 3183 731 3259 enim,
759 3207 818 3248 eur
845 3182 888 3249 de
915 3184 1074 3251 sententia
1102 3207 1196 3249 com·

113 3301 204 3363 muni
232 3296 373 3390 quadum
399 3295 602 3387 cogitemus?
652 3297 757 3362 Immo
791 3298 890 3363 verba
925 3301 956 3362 in
994 3299 1115 3364 minuis
1138 3323 1196 3364 eo-

112 3413 264 3481 moediae
288 3414 495 3480 sermonibus
520 3413 624 3502 posita
642 3414 755 3478 antsic
769 3432 877 3480 verto:
905 3413 1016 3478 nullus
1039 3412 1194 3506 (Ephesi)

112 3527 327 3619 Megabyzns
342 3532 438 3615 suit,
464 3532 523 3619 qni
545 3526 702 3593 aedituus
727 3544 814 3594 esset
840 3530 978 3597 Dianae
987 3579 996 3608 ,
1022 3547 1077 3594 aut
1103 3527 1214 3621 quod·

113 3645 215 3712 multo
243 3646 343 3738 magis
367 3644 493 3736 placet:
519 3667 590 3708 non
616 3643 831 3734 Megabyzum
864 3647 986 3740 uliquis
1006 3648 1107 3732 snit,
1138 3650 1198 3738 qui

116 3759 271 3826 aedituus
295 3761 432 3827 Dianae
457 3759 625 3850 Ephesiae
651 3760 764 3825 esset?
790 3761 821 3826 b.
846 3786 873 3825 e.
901 3778 936 3824 nt
961 3761 1115 3835 arbitror,
1142 3762 1198 3824 eui

114 3876 311 3942 crederetur
333 3875 506 3968 pecunia?
553 3879 656 3959 Quam
678 3874 872 3941 sententiam
898 3874 924 3938 si
949 3899 1023 3939 cum
1046 3872 1196 3939 Plautina

112 4017 209 4060 scena
234 3994 267 4056 in
290 3989 510 4057 Bacchidibus
538 3989 749 4066 conserimus,
776 4014 843 4055 non
870 4008 919 4055 est
943 3985 1077 4055 difficile
1096 3985 1195 4052 intel-

112 4108 220 4185 lectu,
252 4106 440 4198 quomodo,
475 4104 640 4198 siquidem
678 4103 858 4169 Menandri
897 4103 1041 4169 sabulum
1075 4101 1196 4170 latinus

115 4241 215 4314 pocta
240 4224 451 4314 expresserit,
479 4221 569 4313 apud
595 4238 773 4311 utrumqne
802 4220 907 4283 omnis
933 4220 980 4283 rei
1008 4222 1090 4286 sntio
1107 4243 1198 4285 eom„

112 4355 225 4429 parata
252 4363 322 4403 esse
346 4339 500 4429 potnerit.
553 4337 688 4420 Quaerit
713 4334 802 4428 apud
825 4334 1048 4403 Menandrum
1072 4337 1198 4403 Mnesi-

115 4452 205 4519 lochi
229 4471 333 4542 pater,
360 4451 450 4546 quod
476 4478 532 4519 sua
551 4467 673 4544 sponte
686 4472 871 4518 narrantem
891 4451 1088 4543 Chrysalum
1102 4449 1199 4517 Pion·
1261 4490 1264 4497 ·

117 4587 167 4634 tus
194 4566 275 4632 sceit
299 4591 366 4633 non
392 4570 487 4659 prius
512 4565 554 4631 de
580 4567 764 4658 Megabyeo
788 4569 1034 4659 interrogatum.
1082 4563 1199 4645 Vides,

121 4683 329 4776 quantumvis
361 4683 509 4774 potuerit
540 4683 692 4774 prosectu
728 4681 916 4774 exemplum
949 4708 1043 4751 suum
1065 4684 1099 4747 in
1126 4683 1201 4773 qui-
