2820 5332
422 665 671 709 nosraccaaraa
699 669 891 712 rcavrtran.
1122 642 1194 718 493

118 839 193 917 ieci,
221 838 349 904 tametsi
376 860 443 902 non
473 855 522 902 est
546 840 580 902 in
608 836 789 917 codicibus,
819 856 926 903 tamen
953 840 985 905 hi
1013 865 1057 907 nc
1083 841 1194 934 vulga-

119 972 182 1019 tam
206 952 344 1045 quidem
381 954 577 1043 scripturam
604 972 753 1018 tuentur:
790 979 865 1019 num
903 953 978 1019 iube
1005 960 1041 1021 in
1065 956 1204 1022 leontini

117 1072 314 1135 Decurtutus
343 1068 450 1147 habet,
475 1069 578 1134 Vetus
603 1087 711 1135 autern
738 1067 812 1132 iube
840 1075 876 1134 in
901 1069 1037 1136 leontina
1054 1074 1194 1164 aprima

119 1211 225 1264 uranu,
252 1210 269 1248 a
296 1182 440 1249 secunda
459 1182 559 1248 iuben
580 1184 718 1248 honuni.
753 1186 825 1251 lloc
848 1203 956 1251 autem
979 1188 1089 1277 ipsum
1113 1213 1191 1257 carc

119 1297 177 1364 ulli
205 1301 277 1364 usui
306 1325 378 1365 cssc
406 1318 519 1390 putes:
558 1323 626 1364 non
659 1301 763 1391 magis
789 1301 876 1366 enim
900 1301 955 1366 hic
980 1299 1067 1367 ullus
1091 1304 1195 1369 inter·

115 1414 257 1507 rogandi
283 1415 408 1481 formae
434 1413 543 1492 locus,
576 1439 674 1506 quam
701 1441 728 1480 v.
756 1415 825 1485 104
851 1417 976 1482 Tranio
1002 1417 1113 1507 potuit
1142 1416 1193 1484 di-

119 1535 212 1597 cisnc
237 1555 301 1623 pro
327 1531 383 1596 dic
406 1528 625 1622 respondere.
648 1566 694 1579 -
718 1531 758 1599 V.
778 1532 825 1599 93
853 1534 914 1598 etsi
937 1556 1004 1599 non
1029 1549 1123 1599 vacat
1143 1532 1195 1600 os-

115 1646 264 1712 sensionc
295 1649 453 1738 -petior
483 1663 676 1738 anapaestus
707 1663 783 1711 ante
819 1646 990 1714 vocalem:
1026 1647 1117 1734 (uam
1141 1649 1195 1714 in-

116 1778 212 1852 eptus
238 1762 279 1829 sit
304 1759 428 1854 quide
456 1762 623 1828 tribracho
653 1760 813 1852 cogitetz)
852 1780 962 1828 tamen
997 1763 1193 1854 patiendum

115 1879 237 1966 putavi,
264 1878 340 1970 quia
357 1900 425 1942 non
442 1877 551 1941 inveni
573 1878 629 1969 qui
656 1875 820 1943 tollerem.
855 1876 1014 1963 (Coniicit
1030 1878 1194 1944 Herman-

116 2016 177 2058 nus
195 1997 368 2083 perpetiar
388 2020 405 2058 a
428 2011 525 2085 poeta
551 1995 710 2085 scriptum
729 2019 815 2060 esse:
837 1993 945 2060 videri
965 1995 1052 2061 enim
1073 2012 1194 2061 arter-

114 2108 329 2173 minationem
354 2108 555 2200 produxisse
580 2107 756 2194 Plautum.)
776 2144 819 2157 -
848 2110 889 2174 V.
916 2109 963 2179 99
986 2110 1047 2202 pol
1072 2110 1192 2191 adieci,

117 2249 144 2288 v.
176 2227 244 2292 100
269 2240 429 2289 uctunun.
492 2223 719 2316 Thenropidis
753 2225 854 2291 verba
880 2224 972 2290 uredo
995 2230 1064 2307 sit,
1105 2253 1192 2320 quaa

118 2341 249 2433 negotia
276 2340 514 2432 interpretibus
537 2340 703 2408 facessunt
717 2390 726 2420 ‚
765 2339 807 2405 ad
833 2342 1011 2407 Tranionis
1036 2341 1091 2409 illa
1115 2368 1194 2435 spe·

117 2472 225 2522 etant:
273 2480 383 2544 genus
420 2455 511 2548 quod
554 2455 891 2545 improbissumnmst:
939 2454 1066 2522 luditur
1103 2453 1192 2524 cnim’
1269 2455 1273 2464 ’

115 2571 325 2661 ambiguitate
348 2594 458 2661 genos
483 2571 583 2637 vocis.
621 2605 668 2616 -
705 2572 745 2638 V.
771 2568 818 2639 94
845 2597 904 2638 cur
925 2571 1022 2637 lanice
1047 2573 1192 2665 scripse-

114 2689 188 2764 rim,
215 2683 280 2752 alio
310 2684 383 2752 loco
411 2684 533 2753 dicam:
569 2687 758 2753 uberiorem
788 2688 876 2752 enim
905 2687 968 2754 hoc
994 2685 1192 2778 disputatio-

113 2827 189 2867 nem
219 2800 371 2892 postulat.
403 2837 449 2849 -
485 2803 609 2868 Versus
635 2801 683 2870 96
705 2801 910 2868 hemistichia
934 2803 1121 2893 transposui
1147 2800 1190 2869 de

114 2916 355 3009 elegantissima
385 2916 525 2984 Acidalii
554 2916 766 2995 divinatione,
794 2942 858 3008 qua
883 2941 950 2983 non
965 2916 1118 2983 videmur
1133 2942 1190 2984 su-

111 3032 294 3123 persedere
320 3057 427 3124 posse.
490 3031 578 3097 Nihil
609 3031 659 3098 vel
690 3032 744 3098 hic
772 3031 825 3098 vel
851 3033 886 3097 in
910 3030 1069 3126 reliquis,
1104 3057 1189 3126 quos
1291 3056 1293 3059 ·

113 3147 212 3215 modo
240 3149 456 3224 tractavimus,
482 3148 630 3213 versibus
656 3149 793 3214 Botbius
821 3148 976 3239 profecit.

211 3265 321 3357 Atqhe
346 3264 411 3330 hoc
430 3262 569 3356 quidem
590 3264 802 3331 traiector-um
819 3288 972 3330 versuum
996 3267 1187 3359 exemplum

113 3380 187 3445 satis
214 3379 357 3472 simplex
383 3379 646 3473 expeditumque
679 3399 728 3446 est
755 3404 835 3472 praa
867 3380 932 3446 alio
959 3381 1053 3475 quod
1079 3384 1187 3450 estin

111 3496 226 3563 eadem
252 3522 361 3563 scena.
421 3497 461 3563 ln
493 3523 556 3590 qua
589 3520 656 3589 quo
683 3496 811 3589 longius
839 3523 949 3563 versus
976 3498 1105 3565 initium
1131 3524 1186 3567 rc·

108 3611 269 3703 gradiare,
297 3637 337 3679 eo
365 3610 439 3704 plus
466 3613 631 3679 turbatum
658 3615 815 3705 reperias.
866 3613 980 3679 Multis
1005 3616 1092 3680 enim
1112 3639 1185 3683 mo·

109 3726 158 3792 dis
185 3726 397 3804 depravatum
424 3726 508 3794 illud
536 3745 586 3795 est
611 3727 825 3819 colloquium,
852 3726 944 3819 quod
971 3754 989 3792 a
1016 3754 1044 3793 v.
1067 3725 1110 3795 41
1141 3727 1185 3794 ad

25 3887 30 3897 ·
108 3842 154 3912 83
180 3846 304 3909 Tranio
332 3861 365 3910 ot
392 3842 518 3910 danista
542 3860 728 3937 pertexunt.
793 3842 861 3907 Sed
895 3844 988 3933 prius
1023 3868 1122 3934 quam
1147 3841 1184 3909 id

108 3982 238 4051 agamus
262 3958 352 4050 quod
377 3960 521 4052 professi
547 3984 668 4036 sumus,
696 3957 738 4023 de
760 3956 890 4022 modica
907 3955 1022 4023 lacuna
1042 3981 1184 4023 monen-

108 4073 186 4138 dum
213 4090 270 4137 est.
332 4077 413 4141 Nam
448 4100 543 4141 versu
571 4072 706 4166 (pridem
731 4071 777 4140 59
805 4090 979 4163 postquam
1005 4072 1182 4137 minabun-

109 4186 169 4254 dus
207 4187 333 4254 danista
368 4189 497 4256 dixerat
530 4195 597 4255 iam
622 4188 733 4253 hercle
756 4212 821 4277 ego
848 4186 952 4252 illunc
977 4186 1179 4253 nominabo:

110 4301 247 4388 (temere
274 4305 361 4369 enim
394 4306 530 4372 Bothius
562 4321 693 4399 praeter
725 4303 828 4369 libros
862 4307 930 4368 ianr
955 4302 1066 4368 hercle
1089 4303 1182 4368 illum

106 4442 169 4507 ego
196 4417 411 4503 rronrinnbot)
439 4418 609 4487 cavillatur
621 4420 747 4485 Tranio
774 4418 1013 4484 contumaciter
1038 4441 1179 4510 respon-

106 4534 189 4600 dens
214 4559 299 4624 enge
321 4535 481 4602 strenue!
505 4534 624 4600 beatus
645 4559 723 4600 vero
749 4559 785 4599 cs
812 4559 903 4600 nunc
926 4534 1176 4625 quontclamar.

102 4652 234 4744 Ergone
261 4649 456 4719 clamaverat
470 4651 622 4718 danista?
644 4649 825 4743 (siquidem
848 4648 933 4717 illud
950 4651 1084 4728 Tranio,
1109 4672 1177 4718 non
