2820 5332
256 701 328 776 482
458 726 523 772 rut.
573 723 616 767 na
642 723 788 767 rrnstro
815 716 983 766 scarane!
1011 718 1131 764 ornum

256 919 367 994 parte,
399 915 432 966 et
465 900 509 965 ita
541 895 676 990 quidem
702 913 738 962 ut
763 895 884 963 eodem
906 913 1086 988 utrumque
1114 890 1222 962 lerbo
1254 892 1336 961 fiat:

255 1041 320 1084 nec
346 1014 429 1108 quid
454 1012 587 1081 tandem
609 1015 643 1078 iu
669 1012 763 1078 libris
790 1029 880 1078 esset
896 1013 1064 1105 cognitum
1081 1009 1197 1076 habuit
1214 1033 1339 1101 quam-

257 1133 305 1198 vis
331 1132 395 1196 suis
422 1127 526 1196 oculis
552 1145 710 1221 usurpato
736 1131 918 1202 Deeurtato
944 1124 1073 1195 codice.
1134 1125 1210 1192 Duo
1237 1141 1275 1192 et
1299 1124 1338 1189 in

256 1247 321 1313 hoo
339 1261 372 1323 ,et
393 1246 426 1311 in
451 1247 577 1314 Vetere
602 1267 715 1311 versus
741 1261 826 1323 sunt,
852 1240 914 1310 sed
940 1242 975 1307 in
996 1240 1084 1310 hanc
1108 1241 1256 1333 speciem
1284 1237 1337 1305 la-

257 1362 393 1428 eunosi:

400 1477 515 1567 Negat
565 1520 574 1541 .
620 1520 629 1540 .
681 1521 689 1538 .
731 1521 740 1539 .
789 1521 798 1540 .
846 1520 855 1540 .
906 1493 1045 1565 ,quom
1065 1474 1187 1561 cogita,

401 1640 409 1659 .
460 1638 478 1672 .‚
519 1634 942 1657 ........
996 1585 1107 1653 diuam
1130 1589 1163 1652 si
1186 1586 1340 1672 confes-⁴

837 1729 894 1770 sus
917 1707 972 1770 sit.

252 1826 324 1893 Nisi
351 1819 443 1915 quod
468 1819 580 1903 dicam
605 1821 700 1886 abest
724 1846 741 1886 a
766 1822 863 1900 Ver,
900 1821 1011 1887 Necat
1038 1819 1138 1885 habet
1164 1820 1247 1885 Deo.
1298 1816 1329 1880 E

255 1963 323 2032 quo
348 1936 544 2030 intelligitur
584 1927 772 2002 felicissime
805 1935 841 2006 iu
866 1932 1142 2036 hislsupplendis
1168 1932 1329 2000 Camera-

192 2092 206 2120 ·
251 2055 342 2120 rium
367 2069 531 2119 versatum
555 2075 646 2131 esse,
682 2078 700 2116 a
734 2076 800 2144 quo
825 2054 870 2118 ita
894 2063 1019 2117 tantum
1039 2049 1254 2128 recessimus,
1291 2066 1330 2114 ut

250 2192 314 2261 pro
340 2169 462 2235 vitiosis
487 2167 632 2232 numeris
659 2167 837 2234 verborum
853 2172 944 2260 perii
964 2163 1086 2258 oppido
1112 2188 1185 2231 cum
1210 2166 1328 2255 cogito

249 2286 400 2351 usitatam
437 2282 552 2349 Plauto
588 2281 788 2350 locutionem
816 2284 1090 2352 substituerimus.
1140 2286 1255 2371 cogito
1290 2281 1328 2346 iu

251 2398 328 2468 Vet
354 2399 636 2491 suprascriptum
669 2416 735 2479 est,
771 2398 830 2465 sed
860 2401 963 2492 ipsius
992 2423 1090 2465 manu
1122 2397 1326 2464 Camerarii:

250 2520 333 2609 quin
356 2519 472 2605 cogita
496 2515 598 2580 lrabct
614 2516 713 2606 Lips.,
739 2514 876 2607 quando
894 2520 1010 2607 cogita
1031 2513 1083 2582 ed.
1095 2512 1214 2605 prino,
1235 2509 1324 2578 illud

252 2656 271 2697 e
295 2646 494 2709 correctura,
521 2630 585 2697 lroa
611 2656 628 2695 e
653 2629 727 2723 sigli
751 2652 851 2722 prava
875 2631 1155 2724 interpretatione.
1181 2666 1229 2682 -
1255 2629 1328 2694 De·

250 2747 353 2838 nique
375 2772 402 2811 v.
431 2746 478 2813 30
508 2768 575 2812 nou
611 2746 715 2812 minus
753 2772 852 2838 quam
883 2773 911 2813 v.
940 2748 985 2816 18
1013 2745 1133 2812 sr·ttstra
1162 2762 1238 2811 sunt
1262 2743 1322 2836 qui

251 2861 385 2927 hercule
407 2861 545 2926 sormam
579 2861 789 2927 invexerunt:
828 2886 888 2929 nos
921 2887 1036 2927 unum.
1057 2878 1090 2928 te
1120 2861 1320 2927 inseruimus

250 2994 374 3043 etune
408 2977 682 3068 transposuimus:
720 3002 797 3042 nam
827 2979 862 3043 in
893 2977 1047 3045 Palatinis
1078 2977 1173 3044 libris
1203 2976 1321 3069 priore

250 3090 389 3184 quidem
423 3087 498 3156 loco
533 3110 581 3157 est
615 3090 726 3157 hercle
752 3092 890 3159 obsecro
924 3119 997 3159 cum
1030 3092 1096 3179 (vel
1123 3089 1209 3177 com)
1243 3114 1320 3157 meo

250 3231 319 3272 unu
346 3204 505 3285 iudicem,
531 3207 714 3297 posteriore
738 3228 843 3276 nutem
869 3209 1007 3275 obsecro
1030 3209 1143 3275 hercle
1177 3234 1252 3275 cum
1277 3232 1318 3274 eo

247 3346 318 3387 una
344 3320 496 3386 iudicem.
523 3357 569 3367 -
596 3321 753 3387 Ceterum
777 3325 841 3391 hoc
864 3348 999 3419 quoqne
1026 3323 1182 3417 exemplo
1207 3323 1316 3389 Osan-

245 3461 308 3502 nus
333 3435 427 3502 Anal.
454 3463 486 3528 p.
514 3439 581 3508 ‘201
618 3439 736 3504 abusus
770 3457 819 3506 est
851 3439 893 3506 ad
926 3439 1152 3508 adornandam
1182 3437 1227 3506 de
1254 3437 1318 3505 du-

246 3550 327 3645 plici
352 3554 547 3618 recensione
574 3554 765 3644 opinionem
791 3580 891 3648 suam.

736 3872 765 3947 §-
795 3871 827 3939 3.

341 4108 428 4177 Nolo
456 4113 632 4206 exspatiari
658 4113 700 4180 ad
724 4116 1098 4210 interpolationes
1126 4143 1200 4189 nec
1235 4123 1320 4188 ite-

242 4225 350 4292 ratis
375 4244 493 4319 poetae
525 4230 636 4296 verbis
664 4251 750 4299 ortas
776 4258 857 4300 uec
883 4257 974 4300 oum
1000 4238 1318 4329 transpositio·
1360 4270 1364 4275 ·

243 4362 293 4405 ne
320 4342 530 4417 coniunctas,
564 4345 627 4411 sed
652 4371 670 4412 e
697 4347 974 4439 glossematis
1008 4371 1115 4419 natas:
1152 4343 1320 4422 verumta-

242 4480 328 4535 men,
356 4461 511 4549 quoniam
534 4459 576 4526 ad
601 4462 665 4530 hoe
690 4489 790 4556 genus
818 4492 860 4533 ex
886 4469 958 4559 ipsa
980 4470 1185 4538 Mostellaria
1211 4499 1320 4565 quae-

243 4569 320 4636 dam
345 4572 545 4643 rettulerunt
568 4579 792 4660 immerito,
819 4582 900 4651 haec
926 4587 1020 4676 quasi
1045 4590 1250 4679 praeteriens
1266 4608 1320 4658 tu-

241 4689 345 4755 tabor.
397 4690 445 4757 lta
472 4716 547 4760 curn
573 4694 599 4776 l,
628 4701 658 4775 l,
683 4698 729 4766 52
744 4721 818 4790 sqq.
844 4699 996 4770 inlibris
1023 4705 1071 4771 sic
1095 4704 1240 4800 legatur:
