2820 5332
534 689 728 737 ΡΜΕΓΑΊΊΟ·
1098 685 1173 729 ¹1¹1

88 867 229 935 minime
249 864 390 932 alienam
415 890 488 933 esse
514 878 612 958 pem
626 889 701 931 ann.
722 863 985 956 significavimus,
1010 863 1176 932 Ileusdius

90 966 242 1034 debehat
253 966 388 1030 nimium
400 966 560 1045 tribuere,
574 989 638 1031 nec
648 988 727 1031 vcro
744 987 784 1030 eo
805 989 841 1029 sc
852 963 976 1028 irretiri
990 987 1106 1029 errore
1116 990 1176 1056 pa-

91 1069 129 1144 ti,
144 1089 245 1159 qrrem
273 1089 306 1157 p.
325 1063 571 1132 9commissum
595 1087 662 1132 non
677 1087 851 1155 possumus
865 1061 941 1127 satis
955 1062 1078 1127 mirari.
1109 1064 1178 1131 Vbi

89 1165 334 1255 Hieronymum
361 1186 436 1229 enm
462 1165 535 1257 ipso
552 1163 696 1230 Eusebio
710 1185 918 1250 comparans,
945 1179 1058 1252 utpote
1085 1164 1177 1228 cuius

90 1262 180 1330 lidcs
206 1287 312 1354 penes
327 1263 561 1331 Armeniacum
583 1262 625 1329 sit
644 1263 874 1354 interpretem,
902 1259 1063 1350 exeutplis
1075 1261 1179 1328 utitur

90 1362 185 1428 Furii
216 1360 376 1438 Bibaculi,
399 1362 556 1435 Lucretii.
582 1358 743 1431 Messalae
766 1360 918 1426 Corvini:
945 1383 1087 1451 quorum
1112 1361 1179 1424 Eu-

93 1461 222 1526 sebium
246 1461 298 1526 rix
317 1459 418 1530 fando
435 1458 567 1527 audisse
586 1460 719 1527 nomina
734 1475 824 1550 puto,
846 1457 971 1524 nedum
999 1474 1035 1522 ut
1049 1459 1175 1525 Canoni

90 1576 269 1626 insereret.

192 1659 367 1724 Praeterea
393 1688 423 1750 p,
437 1671 475 1731 41
495 1669 605 1721 annot.
632 1652 753 1720 oblitus
771 1679 841 1721 sum
862 1679 1010 1735 monere,
1035 1653 1177 1723 locutio·

93 1782 174 1847 nem
192 1773 333 1822 ornnem
348 1760 469 1849 apisci,
483 1777 581 1848 quam
594 1750 692 1819 valde
706 1751 949 1820 inconsiderate
963 1752 1056 1820 nullo
1071 1780 1176 1846 quan-

92 1856 212 1922 tumvis
235 1854 393 1923 insubido
412 1855 592 1947 setiptorc,
615 1848 739 1919 nedum
757 1852 871 1920 Plauto
894 1853 1024 1946 dignam
1049 1850 1177 1920 dixerat

94 1951 277 2033 Acidalius,
305 1953 468 2048 exemplis
501 1951 698 2044 quibusdam
724 1952 787 2027 iam
807 1952 1010 2019 Gronovium
1038 1969 1174 2019 tutatum

96 2078 180 2120 esse.
231 2053 328 2121 Mitto
355 2079 440 2147 qnae
476 2068 599 2118 tantum
627 2049 744 2117 similia
769 2068 861 2131 sunt,
893 2052 1013 2144 quibus
1039 2050 1176 2144 quidum

94 2154 253 2218 nancisci
276 2153 381 2220 verbo
407 2152 486 2218 boni
504 2152 685 2242 scriptores
711 2150 761 2215 usi
784 2166 860 2216 sunt
886 2149 1043 2217 derebus
1070 2149 1175 2229 malis,

94 2250 191 2317 uelut
214 2248 375 2329 morbum,
391 2249 536 2340 febrim,
561 2252 763 2341 languorem
785 2265 923 2328 nactum
951 2248 1066 2341 parilia
1094 2249 1176 2316 haee

92 2349 219 2417 habes:
252 2354 381 2417 crimen
416 2348 559 2440 adeptus
582 2347 695 2414 ovidii
728 2349 830 2414 Trist.
850 2349 892 2428 lt,
913 2349 970 2428 92,
996 2349 1173 2440 ipsumque
1226 2402 1227 2405 ,

96 2466 241 2514 mortem
255 2448 398 2542 adeptio
416 2449 539 2542 Hygini
560 2450 691 2514 Astron.
709 2447 752 2526 Il,
774 2447 818 2514 tt
845 2464 880 2514 et
903 2451 940 2512 in
953 2447 1176 2539 adipiscenda

94 2564 205 2613 morte
224 2547 360 2615 Sueton.
386 2549 508 2616 Domit.
525 2542 580 2613 14.
607 2550 700 2630 Quae
727 2547 753 2613 si
779 2547 852 2637 quis
879 2546 1027 2639 ambigua
1056 2545 1177 2614 dixerit

90 2665 288 2739 propterea,
310 2645 401 2738 qnod
429 2664 519 2739 grata
544 2663 642 2738 atque
662 2663 812 2736 exoptata
836 2664 868 2712 et
888 2645 1067 2736 Ophiucho
1087 2644 1176 2735 apud

92 2746 268 2837 Hyginum
304 2761 337 2812 et
371 2747 498 2813 Neroni
536 2743 626 2837 apud
659 2745 852 2811 Suetonium
892 2769 981 2808 nrors
1004 2746 1175 2834 cogitetur,

91 2863 133 2910 nt
157 2847 192 2909 in
214 2844 312 2911 bonis
325 2846 435 2937 ipsum
454 2842 576 2925 malum
597 2844 775 2909 habeatur:
800 2842 835 2906 id
862 2841 955 2934 quod
982 2868 999 2907 a
1023 2841 1175 2908 Plautino

94 2944 333 3034 epigrammate
359 2942 506 3009 alienum
532 2966 605 3009 esse
632 2957 793 3033 apparet:
821 2943 877 3008 vix
901 2941 1090 3034 anrbignnm
1116 2959 1176 3020 cst,

98 3039 191 3132 quod
217 3044 390 3133 praeteriit
414 3041 630 3123 Gronovium,
655 3040 758 3133 ipsius
780 3038 886 3108 Plauti
910 3037 1062 3107 dolorem
1087 3039 1177 3107 indi-

93 3143 212 3231 piscnr
237 3141 423 3207 Trinummi
449 3139 490 3219 ll,
520 3146 549 3220 1,
576 3142 609 3209 2.

198 3243 369 3307 Postremo
402 3241 463 3307 etsi
501 3262 635 3330 possum
662 3255 816 3332 tanquam
847 3237 1022 3306 corollario
1044 3240 1176 3307 Disser-

95 3336 228 3405 tationis
251 3338 309 3403 IX.
334 3339 507 3430 respicere
539 3335 702 3403 secundas
738 3361 830 3405 curas
863 3337 1176 3417 Lindemanni,

97 3437 224 3527 quibus
261 3438 358 3503 ttium
385 3436 491 3504 Plauti
516 3434 718 3516 fabularum,
752 3437 786 3501 in
820 3436 870 3502 his
904 3437 1177 3515 Trinummi,

96 3532 283 3602 editionem
311 3536 441 3605 scilicet
462 3533 672 3603 emendatam
696 3559 803 3627 nuper
826 3535 975 3615 iteravit,
1009 3556 1119 3604 tamen
1145 3552 1179 3602 et

95 3631 222 3700 chartis
257 3653 292 3701 et
329 3660 451 3728 operae
484 3659 627 3727 parcere
661 3635 760 3700 satius
792 3632 889 3702 duco.
946 3633 1032 3703 Nam
1070 3654 1104 3702 et
1137 3659 1177 3703 eo

92 3734 204 3798 omnis
237 3732 482 3826 propemodum
522 3733 646 3801 mentio
681 3735 742 3799 ista
774 3733 993 3801 Lindemanui
1026 3735 1177 3803 reditura

94 3831 150 3908 sit,
176 3849 292 3898 utnon
307 3832 428 3900 vidisse
442 3832 546 3911 illum,
563 3830 655 3925 quod
671 3831 853 3899 videndum
875 3853 954 3912 erat,
980 3853 1178 3901 annotetur:

94 3953 165 3994 nec
187 3930 258 3996 sine
284 3933 463 3998 acerbitate
491 3931 558 3999 dici
583 3930 626 3998 de
653 3956 692 3998 co
720 3934 834 3998 critico
856 3937 977 4025 possit,
1004 3935 1061 4027 qui
1087 3950 1179 4026 post-

96 4054 197 4121 quam
229 4029 397 4121 piaculum
430 4032 561 4098 invecto
598 4032 761 4097 Piraeo
801 4033 990 4098 Cumano
1025 4031 1081 4117 (cf.
1117 4054 1177 4097 nos

94 4157 128 4218 p.
143 4125 220 4211 Md)
254 4129 332 4195 olim
366 4133 574 4196 commissum
609 4130 662 4195 vix
697 4129 777 4197 cluit
808 4133 844 4196 in
869 4156 996 4223 nupera
1021 4128 1178 4211 editione,

93 4251 140 4291 nc
165 4250 245 4293 nova
274 4227 416 4312 deesset·
434 4226 589 4322 expiandi
617 4255 728 4296 caussa
755 4253 794 4295 eo
820 4229 983 4319 providit,
1022 4246 1057 4295 ut
1081 4254 1179 4322 argu-

95 4326 200 4391 menti
225 4327 403 4395 acrostichi
426 4328 526 4395 Militi
552 4327 695 4420 glorioso
720 4330 895 4418 praemissi
925 4329 1076 4421 quintum
1103 4353 1178 4395 ver·

96 4449 170 4490 sum
204 4427 252 4492 sie
289 4428 504 4495 constitueret
537 4427 640 4519 praes.
675 4452 707 4519 p.
744 4427 834 4493 LVl:
875 4424 1027 4493 Arcessit
1063 4453 1179 4496 servus

96 4547 196 4587 suum
221 4523 339 4592 herum
366 4524 534 4602 Athenis,
565 4529 700 4613 ecferat
723 4561 779 4592 -.
805 4527 847 4592 Et
872 4527 937 4594 hoc
959 4553 1059 4594 numu
1087 4551 1180 4600 este

98 4619 218 4689 multis.
