2820 5332
443 697 558 743 rutum
587 699 854 748 taurustaurus.
1113 682 1185 754 365

103 868 287 962 glossarum
311 867 547 953 plautinarum,
572 872 730 940 Plautinis
755 877 907 943 versib'us
929 874 960 960 *)
992 903 1009 942 a
1034 878 1188 946 Varrone

108 984 278 1050 subiectae
305 982 352 1050 tle
370 983 453 1078 ling.
468 985 525 1057 lat.
540 986 616 1068 Vll,
639 990 696 1055 50.
723 986 781 1056 65.
806 987 863 1060 67.
887 992 943 1061 70.
971 990 1028 1060 79.
1051 993 1119 1063 106
1136 992 1188 1060 ed.

105 1098 220 1165 Muell.
274 1099 343 1166 Sed
368 1125 408 1167 ex
434 1126 474 1169 eo
497 1122 606 1170 tamen
631 1102 734 1185 illud,
768 1105 862 1198 qnod
887 1108 1028 1200 Meyero
1054 1105 1206 1200 placuit,'

105 1217 159 1281 rix
185 1215 316 1295 efficias,
339 1241 407 1305 non
432 1219 535 1311 prisci
549 1221 712 1286 sermonis
726 1223 883 1301 universi,
905 1220 963 1288 sed
980 1219 1080 1288 solius
1092 1220 1190 1287 Plau·

105 1331 165 1396 tini
190 1331 418 1423 antiquitatem
442 1332 580 1426 [loquor
603 1360 679 1401 cum
701 1335 828 1417 Santra,
854 1338 912 1428 qui
939 1335 982 1402 de
1010 1334 1187 1401 verborum

105 1443 312 1540 antiquitate
334 1447 480 1541 scripsit)
513 1447 620 1516 videri
643 1450 792 1543 Opilium
817 1449 930 1517 dedita
956 1476 1056 1543 opera
1082 1448 1190 1542 expli·

107 1585 208 1627 casse.
245 1561 330 1628 Nam
356 1589 431 1631 cum
453 1562 544 1655 apud
566 1567 699 1632 Festum
724 1591 791 1633 non
817 1567 1014 1657 infrequens
1040 1567 1082 1632 sit
1103 1568 1190 1631 eius-

106 1674 186 1742 dem
213 1675 318 1769 Opilii
342 1681 514 1757 memoria,
539 1693 650 1746 tamen
672 1682 720 1746 ibi
746 1679 885 1773 quidem
908 1697 960 1746 ter
981 1683 1189 1746 tautumeius

105 1815 229 1872 nomen
268 1818 343 1859 cum
368 1793 595 1862 Plautinorum
627 1798 797 1863 mentione
825 1793 1057 1888 exemplorum
1084 1798 1190 1864 socin-

107 1926 176 1974 turn
200 1912 377 2003 reperitur,
410 1936 483 1980 voc.
510 1915 549 1981 V
544 1913 652 2004 algor,
677 1916 862 1989 Nauteam,
881 1915 1099 2004 'Quarquera
1136 1915 1190 1978 Et

107 2026 325 2119 etquidem,
365 2052 450 2120 quae
479 2054 510 2098 r.
535 2031 707 2096 Nauteam
739 2029 918 2096 afferuntur
942 2031 1106 2123 imprimis
1133 2050 1191 2093 co·

103 2143 207 2234 piosa,
233 2143 400 2210 eiusmodi
424 2162 521 2226 suut,
557 2163 594 2211 ut
626 2144 725 2213 facile
752 2148 881 2239 possint
906 2170 945 2212 ex
971 2144 1076 2237 Opilii
1101 2143 1188 2210 libro

106 2257 214 2323 omnia
240 2260 453 2350 transscripta
481 2285 563 2326 asse.
591 2258 662 2327 Sed
688 2285 730 2327 ne
757 2262 804 2328 sic
830 2258 969 2354 quidem
986 2257 1076 2325 alind
1094 2259 1190 2352 quic-

109 2397 208 2463 quam
233 2371 314 2438 inde
340 2376 566 2466 consequitur,
589 2377 651 2441 nisi
667 2376 742 2455 hoc,
767 2374 933 2442 Plautinas
948 2374 1075 2441 fabulas
1090 2400 1191 2467 prae·

106 2489 237 2579 cipuam
252 2488 367 2580 Opilio
381 2493 553 2558 materiam
567 2490 829 2584 glossographici
852 2492 963 2583 operis
984 2492 1189 2582 praebuisse.

104 2601 145 2666 Id
182 2620 292 2669 autem
323 2606 433 2696 ipsum
465 2629 535 2672 non
568 2624 617 2673 est
642 2625 707 2672 tam
734 2604 914 2698 singulare,
944 2624 980 2671 ut
1003 2629 1069 2671 nou
1094 2604 1190 2672 cadat

104 2714 158 2783 vel
177 2720 211 2782 in
230 2742 344 2785 eorum
360 2705 521 2812 quostiam
537 2722 835 2816 grammaticorum,
853 2743 995 2812 quorum
1011 2743 1115 2812 opera
1135 2744 1191 2785 ae-

107 2850 208 2900 tatem
235 2833 317 2914 tulit,
343 2837 377 2900 in
400 2836 537 2902 Festum
564 2837 599 2902 h.
626 2862 655 2902 e.
682 2837 838 2902 Verrium
851 2833 1021 2913 Flaccum,
1034 2835 1190 2913 Nonium,

107 2951 145 3015 C.
173 2950 293 3016 Iulium
319 2951 511 3017 Romanum.
537 2952 634 3018 Hunc
661 2951 748 3016 enim
771 2951 950 3016 certissima
976 2951 1028 3017 via
1050 2949 1190 3017 demon·

106 3069 203 3132 strari
228 3084 340 3161 potest
363 3092 481 3134 verum
509 3084 676 3133 auctorem
702 3091 772 3133 esse
800 3090 926 3145 eorum,
967 3091 1189 3159 quaecunque

107 3181 240 3248 nonde
266 3184 361 3250 trivio
388 3184 501 3276 petita,
525 3180 588 3248 sed
610 3180 734 3248 utiliter
760 3199 939 3273 praecepta
966 3200 999 3248 et
1020 3207 1094 3248 cum
1113 3208 1190 3248 eru-

105 3297 233 3364 ditione
261 3300 407 3391 exposita
433 3299 466 3363 in
486 3299 627 3366 Charisii
643 3297 905 3363 Institutionibus
928 3314 1070 3363 exstant:
1097 3296 1189 3391 quod

106 3415 245 3507 quidem
280 3417 441 3506 imprimis
478 3415 588 3482 valere
621 3412 664 3479 de
690 3412 789 3505 longe
814 3413 952 3478 niaxima
974 3430 1070 3506 parte
1094 3414 1190 3480 testi·

103 3533 292 3597 moniorum
322 3556 340 3596 e
366 3530 481 3598 Plauto
518 3547 723 3622 sumptorum
752 3544 785 3594 et
809 3553 869 3595 nos
895 3526 1034 3622 diligens
1061 3528 1189 3621 disqui-

105 3646 179 3711 sitio
207 3645 330 3727 docuit,
357 3664 389 3713 et
412 3647 640 3739 unusquisque
668 3669 788 3738 prose
813 3646 886 3736 ipse
913 3660 1102 3736 cognoscet,
1128 3645 1186 3737 qui

105 3757 249 3854 aliquam
272 3761 479 3855 pellegendo
508 3762 660 3830 Charisio
683 3785 822 3854 operam
847 3760 981 3824 navarit.
1006 3756 1054 3842 **)

203 3878 332 3948 Eadem
360 3882 431 3947 sere
470 3905 554 3973 quae
594 3877 699 3972 Opilii
731 3878 813 3943 ratio
840 3874 989 3942 Servii
1015 3872 1188 3941 Claudii

105 4015 164 4076 est,
191 4020 292 4088 quem
318 3998 398 4064 item
423 3996 512 4062 inter
534 4019 602 4073 eos,
628 3997 685 4087 qui
712 3990 841 4058 indices
856 3987 1063 4077 fabularum
1082 3989 1187 4056 Plau-

104 4116 254 4177 tiuorum
279 4110 472 4191 ediderunt,
508 4109 638 4178 Gellius
669 4108 738 4186 lll,
764 4108 786 4173 3
814 4123 1072 4183 commemorat,
1107 4107 1188 4170 insi·

104 4252 202 4318 gnem
228 4227 380 4292 habuisse
407 4227 484 4292 artis
509 4223 709 4320 linguaeque
725 4219 892 4287 Plautinae
910 4217 1187 4288 consuetudinem

153 4536 180 4599 ⁹)
203 4530 247 4581 llis
268 4532 424 4583 conterenda
444 4539 504 4584 sunt
523 4546 591 4600 quaa
609 4488 811 4598 supracitatum
831 4543 857 4595 p.
875 4527 927 4578 242
947 4540 986 4593 aq.
1008 4530 1034 4575 et
1052 4538 1076 4589 p.
1091 4521 1148 4574 180.

136 4624 178 4688 ”)
208 4620 270 4671 vide
291 4627 348 4686 poet
372 4618 526 4671 Freuudium
549 4618 612 4671 Lex.
633 4616 779 4686 lutprael.
803 4632 828 4683 p.
851 4613 963 4677 txxtu,
982 4612 1101 4663 similiter
1117 4608 1186 4660 iuti-

205 4716 304 4759 cantem
323 4706 452 4760 Osauuum
470 4705 585 4772 sumunt.
608 4706 641 4770 ΙΙ,
661 4721 686 4771 p.
704 4703 758 4757 324
776 4719 832 4772 sqq.
851 4701 960 4755 neuma
979 4715 1005 4768 p.
1024 4698 1085 4755 att.
