2820 5332
485 680 525 720 tx.
577 679 619 719 DE
647 678 938 723 INTBRPOLA'HOM

261 850 449 921 derurnos
474 850 559 916 liaeo
590 850 672 916 milri
684 899 697 926 ,
726 845 825 943 qusint
854 874 898 915 ea
924 848 1023 921 urileo
1037 898 1051 923 ‚
1091 844 1252 933 eliciunt,

604 969 684 1057 quia
708 991 773 1057 ego
799 965 848 1032 ud
870 961 933 1033 lto'o
955 990 1068 1057 genus

259 1081 445 1153 Ho'mr'nurn
468 1078 661 1174 perdura'vr'.
687 1086 770 1173 quin
789 1106 842 1149 me
864 1081 912 1149 od
932 1074 1040 1174 pllrr's
1058 1077 1250 1174 penetravi

599 1198 725 1288 prius?

160 1321 366 1408 Quamquam
390 1313 529 1380 sortasse
550 1313 648 1379 etiem
671 1311 755 1379 alter
771 1314 960 1381 octonarius
977 1314 1169 1404 praecessit,
1199 1312 1249 1380 ad

157 1433 222 1499 hoc
246 1451 352 1498 autem
378 1453 480 1521 genus
508 1455 525 1493 a
550 1429 748 1521 septenariis
780 1428 935 1495 transitus
969 1429 1125 1497 breviore
1161 1456 1248 1499 ver·

157 1546 261 1616 siculo
287 1547 404 1613 fiebat:

252 1661 441 1732 Lo'crumns
466 1666 514 1726 mi
535 1661 630 1742 liaeo,
656 1685 757 1753 quom
782 1654 893 1736 video,
919 1660 1072 1735 eliciunt,

256 1774 349 1869 Quia
373 1802 438 1869 ego
469 1776 518 1844 ud
549 1777 613 1844 leoc
643 1800 753 1867 genus
784 1769 908 1842 dciroui
940 1776 1122 1843 lominum.
1156 1767 1249 1870 quin

594 1897 689 1987 prius
714 1917 766 1958 me
784 1891 833 1961 nd
854 1887 963 1983 pluris
985 1893 1245 1986 penetrari-P)

670 2149 728 2216 VI.

252 2309 475 2374 Trinummmi
502 2308 560 2390 111,
573 2309 606 2389 3,
617 2309 664 2378 58
677 2333 753 2401 sqq·
777 2310 825 2376 sic
850 2308 994 2402 scriptos
1020 2305 1126 2376 edidit
1141 2308 1237 2376 Her-

153 2449 307 2492 mann-us:

251 2538 324 2608 Sed
344 2533 505 2630 epistulas
530 2536 669 2630 quondo
697 2534 900 2629 obsignatas
927 2539 1064 2627 suffceret,

176 2655 223 2725 60
250 2654 422 2749 Siquidem
450 2650 650 2744 ‹ibsignates
678 2651 794 2719 tulerit
819 2655 880 2719 lios
907 2648 1083 2746 epistulas,

249 2773 377 2840 Nonne
405 2768 587 2835 clrbitroris
613 2765 687 2833 e'um
712 2767 964 2836 adulescentem
989 2767 1089 2836 a'ntd'

250 2881 398 2954 Pote'rni
420 2890 556 2977 signum
582 2881 741 2951 nduisso?
820 2974 825 2984 Ι
1021 2876 1024 2881 “

227 3005 354 3071 Horum
378 3028 494 3068 versus
521 2999 586 3082 60,
613 3002 681 3068 sive
707 3002 908 3068 sententiam
933 3002 1001 3069 sive
1028 3003 1128 3069 verba
1156 3029 1238 3097 spe-

154 3137 232 3200 ctas,
258 3137 323 3186 tam
351 3116 451 3184 sutilis
474 3144 512 3183 ac
538 3114 786 3209 propemodum
813 3135 917 3184 taeter
944 3137 1009 3196 est,
1036 3136 1072 3183 ut
1096 3120 1150 3185 vix
1178 3121 1241 3187 ha-

152 3234 252 3301 beam
287 3231 457 3327 quomodo
490 3256 565 3297 eum
591 3257 608 3296 a
635 3255 805 3325 quoquam
834 3232 981 3324 potuisse
1010 3231 1151 3300 delendi
1186 3235 1239 3301 di-

155 3375 237 3417 cam.
264 3347 433 3416 Videntur
454 3350 486 3413 in
511 3348 597 3413 hanc
623 3363 753 3439 partem
772 3348 979 3440 interpretati
1008 3375 1098 3416 osse:
1125 3377 1240 3442 quenn-

156 3463 336 3558 doquidem
363 3463 564 3553 obsignatus
590 3487 665 3527 eum
690 3461 816 3552 offerre
846 3461 959 3539 iubes,
991 3468 1168 3552 „wosern
1198 3492 1243 3532 er

55 3587 57 3597 '
154 3585 203 3647 sie
228 3579 356 3644 unders
382 3578 466 3644 eben
495 3580 675 3668 uersiegelt
700 3578 848 3670 bringeri
873 3580 993 3662 soll‘,
1025 3599 1060 3647 ut
1085 3580 1128 3646 ad
1144 3603 1169 3646 ν.
1186 3579 1235 3650 45

155 3695 310 3765 Callicles
336 3695 505 3789 respiciat,
532 3719 598 3789 quo
626 3695 754 3762 dixerat
768 3695 1026 3790 Megaronides:
1042 3700 1149 3784 ferat
1165 3701 1238 3788 epi-

155 3814 263 3881 stolas
287 3812 388 3879 duas:
416 3837 474 3878 eas
500 3837 563 3877 nos
590 3817 840 3903 consignemus,
863 3819 963 3904 qrresi
981 3820 1052 3880 sirit
1079 3841 1101 3878 o
1114 3830 1239 3905 petre,-

155 3955 224 3997 non
250 3927 319 3996 ullo
345 3928 446 3996 modo
473 3932 585 4023 inepta
611 3930 780 4006 sententia,
805 3929 865 3995 sed
892 3931 1092 3996 coniunctivi
1116 3957 1175 3997 usu
1196 3934 1238 3998 ab

154 4046 211 4114 illa
238 4047 399 4112 sententia
424 4071 562 4139 prorsus
586 4046 705 4114 alieno.
758 4046 800 4111 Et
828 4070 901 4111 cum
922 4072 999 4112 sane
1027 4047 1143 4113 tulerit
1168 4048 1240 4115 for-

158 4188 212 4228 ma
239 4162 343 4228 multo
371 4162 468 4228 etiam
491 4164 607 4229 nraiori
631 4189 728 4255 quam
746 4165 851 4250 scrut
884 4161 1058 4230 offensioni
1088 4165 1151 4243 sit,
1192 4184 1241 4232 ta-

157 4302 237 4343 men
259 4304 303 4344 ne
324 4281 511 4372 praesentis
540 4277 677 4372 quidem
702 4281 927 4347 coniunctivus
953 4281 987 4347 in
1014 4281 1243 4351 condicionali

211 4491 238 4558 ⁴)
258 4490 305 4543 Pro
324 4493 385 4558 quin
399 4493 471 4560 prim
492 4493 608 4560 Scaliger
627 4494 653 4544 in
672 4495 741 4572 virg.
763 4494 854 4561 Copti
874 4495 956 4563 (virg.
974 4495 1091 4564 append,
1116 4497 1160 4548 cd.
1175 4497 1244 4549 Lim,

262 4586 350 4638 denbr.
371 4589 469 4656 mol)
487 4588 599 4640 malebat
617 4593 806 4659 quam‘pn'us„
826 4590 875 4642 Sed
894 4592 961 4643 idern
982 4593 1123 4646 tolerabilis
1142 4595 1246 4665 endem

263 4683 345 4752 iuquit
362 4684 467 4754 culpato
485 4684 569 4750 lectio,
586 4702 639 4740 non
657 4695 741 4748 tuneo
751 4697 778 4743 ut
795 4705 882 4741 oerum
894 4697 987 4759 putem.
