2820 5332
395 656 646 704 nosrumtsue
673 655 867 701 retentare.
1100 636 1171 706 503

91 830 281 901 extricavit=
307 846 404 897 ttetro
429 850 464 897 te
489 855 598 924 neque
623 833 725 911 Dee,
752 834 860 901 Vetro
886 849 965 899 tene
990 857 1054 928 que
1079 835 1167 917 Vee,
1216 810 1219 815 Ι

89 964 205 1013 uetere
231 946 322 1014 idem
349 949 383 1012 in
407 950 577 1040 margine,
599 971 700 1013 nerto
726 962 761 1013 te
785 971 894 1042 neque
916 950 1028 1041 Lipn,
1060 967 1166 1017 uento

90 1078 123 1127 te
150 1087 258 1155 neque
284 1061 339 1129 ed.
364 1065 472 1156 princ.
523 1065 650 1130 Mirum
675 1080 725 1130 est
749 1080 857 1131 nutem
885 1063 978 1159 quod
1002 1066 1039 1133 ie
1051 1067 1167 1133 Antbr.

90 1197 229 1269 apparet
252 1180 350 1245 huius
375 1204 489 1246 versus
516 1180 661 1247 initium:
696 1179 788 1247 UNO
814 1226 822 1246 .
848 1225 858 1246 .
883 1180 1053 1262 NEQUE,
1088 1206 1171 1271 quas

90 1292 217 1359 litteras
240 1293 362 1361 frustra
385 1295 533 1387 quaesivi
559 1295 618 1387 qui
645 1293 853 1386 expedirem.
890 1326 937 1343 -·
976 1297 1017 1362 V.
1043 1293 1092 1364 80
1119 1320 1172 1364 nte

92 1425 128 1475 tn
159 1413 235 1476 istis
270 1409 420 1504 vulgatur
453 1435 471 1476 e
503 1413 686 1477 Decu1·teto
719 1411 844 1504 quique
882 1436 925 1479 ex
958 1434 998 1479 eo
1034 1410 1171 1479 codices

90 1523 254 1617 pendent:
280 1528 333 1593 nte
354 1530 430 1593 istis
455 1543 492 1592 tu
518 1524 571 1593 ed.
589 1552 654 1619 pr„
680 1550 732 1593 me
759 1543 795 1593 tu
822 1530 888 1592 tun
910 1527 998 1607 Vct,
1024 1551 1077 1592 me
1094 1530 1169 1593 istis

90 1641 207 1707 Ambr.
258 1644 322 1726 Qui
357 1660 389 1708 et
417 1666 468 1707 me
485 1657 535 1708 et
569 1657 762 1709 reservare
797 1641 963 1721 voluerit,
995 1643 1170 1709 nobiscum

92 1771 285 1847 transponat
310 1773 347 1824 tet
373 1782 425 1823 me
457 1758 647 1850 oportebit,
683 1783 787 1850 quem
818 1756 971 1824 ordinem
1004 1775 1096 1824 certa
1118 1754 1169 1824 io-

92 1869 219 1960 qoendi
249 1872 456 1940 consuetudo
493 1873 653 1964 efflagitat
723 1875 917 1965 Quanquam
955 1897 1018 1965 pro
1054 1890 1090 1938 ιιι
1119 1896 1172 1939 me
1249 1870 1251 1874 ⁴

92 1987 167 2049 istis
193 1989 319 2077 poteris
343 1990 441 2055 etiam
467 1986 545 2052 med
570 1991 644 2054 istis
672 1986 860 2054 secundum
883 1987 1019 2066 Ambo,
1053 1985 1107 2054 vei
1134 2004 1171 2052 tu
1215 2040 1217 2044 ,

92 2103 159 2165 tuis
184 2126 236 2166 me
259 2128 325 2170 see.
352 2105 428 2172 Vet.
479 2106 558 2171 Post
589 2103 764 2196 huncqui
796 2101 893 2197 vulgo
919 2105 1070 2197 sequitur
1095 2130 1173 2172 ver-

94 2238 147 2279 sus
164 2215 228 2284 81:
256 2217 413 2284 Calidum
437 2219 501 2285 hoc
526 2233 591 2294 est,
617 2220 684 2284 etsi
704 2217 826 2308 procul
845 2216 952 2297 obest,
981 2221 1052 2286 ert}
1074 2221 1174 2301 naula,

92 2328 136 2396 de
166 2355 206 2396 eo
232 2358 265 2425 p.
291 2331 363 2404 490
388 2333 512 2403 dictum
538 2351 596 2401 est
623 2368 670 2383 -·
696 2334 736 2400 V.
747 2335 795 2404 82
820 2333 905 2399 illud
929 2357 992 2425 pro
1018 2334 1097 2400 illuc
1117 2360 1175 2401 re-

94 2449 280 2515 vocavimus
308 2475 326 2515 e
353 2451 427 2516 Vct.
444 2453 524 2517 Dec.
537 2448 599 2515 Ed.
622 2450 730 2541 princ.
749 2482 794 2494 -
817 2448 898 2514 Mor
924 2444 1065 2514 obsecro
1082 2447 1176 2541 quod
1225 2538 1229 2545 Ι

94 2561 163 2628 illic
180 2569 267 2654 petit
298 2562 387 2631 solus
420 2566 523 2633 Vetus
558 2565 722 2649 servavit,
756 2585 903 2655 quocum
938 2589 1028 2632 nunc
1057 2564 1174 2631 Amba.
1216 2603 1221 2611 ·

94 2675 185 2741 facit:
221 2675 345 2770 reliqui
375 2680 562 2770 turpissima
587 2677 842 2771 perturbatione
867 2693 902 2745 et
926 2693 1055 2744 sortem
1076 2676 1206 2757 dabie..
1282 2747 1286 2757 ,

95 2815 112 2855 e
142 2817 169 2856 v.
195 2788 242 2861 84
267 2792 333 2859 huc
359 2818 494 2888 quoque
518 2794 709 2862 inferciunt.
758 2824 809 2841 -··
861 2792 1019 2859 Ceterum
1040 2793 1174 2884 potiora

94 2922 219 2972 tantum
253 2907 346 2974 attuli
382 2927 415 2976 et
453 2935 595 3002 quorum
632 2924 808 3001 promptus
843 2907 887 2974 ad
922 2905 1174 2975 emendandum
1230 2996 1233 3005 Ι

91 3045 178 3100 usus,
204 3022 368 3117 reliquam
392 3028 576 3118 scripturae
600 3002 858 3116 discrepantiam
896 3023 972 3093 eum
1004 3026 1055 3092 eis
1085 3047 1172 3119 quo-

93 3159 169 3205 rum
194 3138 229 3205 id
254 3141 395 3209 interest
417 3140 498 3209 oiim
524 3140 837 3209 communicaturus.

481 3436 770 3457 -ι--ι-ιι-Ι-ι

398 3713 869 3791 EPIMETRVM.

474 3909 528 3979 Ad
554 3938 588 4005 p.
615 3906 803 3982 445.461.

590 4128 682 4144 μαι·-

192 4298 245 4364 Dc
273 4296 530 4389 corruptissimis
553 4296 660 4364 scenis
685 4293 745 4375 111,
775 4274 856 4362 2et
879 4292 937 4374 lv,
966 4293 1008 4372 2,
1030 4313 1175 4383 querum

95 4411 284 4480 emendatio
311 4436 421 4505 prope
448 4410 607 4477 Herculei
631 4407 757 4477 loboris
779 4424 847 4490 est,
882 4407 1047 4501 quantivis
1068 4407 1170 4500 pretii

92 4526 299 4593 nieletcmata
325 4552 383 4592 sua
406 4527 507 4620 louge
531 4525 794 4619 ingeniosissime
823 4525 999 4593 nobiscum
1029 4520 1172 4590 Gedu-

91 4640 241 4709 sredus
267 4638 528 4710 Hermannus
551 4638 866 4711 benevolentissime
904 4633 1171 4707 communicavit.
