<?xml version="1.0" encoding="UTF-8"?>
<!DOCTYPE html PUBLIC "-//W3C//DTD XHTML 1.0 Transitional//EN"
    "http://www.w3.org/TR/xhtml1/DTD/xhtml1-transitional.dtd">
<html xmlns="http://www.w3.org/1999/xhtml" xml:lang="en" lang="en">
 <head>
  <title>
</title>
<meta http-equiv="Content-Type" content="text/html;charset=utf-8" />
  <meta name='ocr-system' content='tesseract 3.04.00' />
  <meta name='ocr-capabilities' content='ocr_page ocr_carea ocr_par ocr_line ocrx_word'/>
</head>
<body>
  <div class='ocr_page' id='page_1' title='image "./parergonplautin01ritsgoog_0521.png"; bbox 0 0 2820 5332; ppageno 0'>
   <div class='ocr_carea' id='block_1_1' title="bbox 237 688 1118 767">
    <p class='ocr_par' dir='ltr' id='par_1_1' title="bbox 237 688 1118 767">
     <span class='ocr_line' id='line_1_1' title="bbox 237 688 1118 767; baseline -0.009 -8"><span class='ocrx_word' id='word_1_1' title='bbox 237 688 310 767; x_wconf 68' lang='lat'><strong>480</strong></span> <span class='ocrx_word' id='word_1_2' title='bbox 454 714 519 758; x_wconf 85' lang='lat' dir='ltr'><strong>vtu.</strong></span> <span class='ocrx_word' id='word_1_3' title='bbox 559 715 602 757; x_wconf 84' lang='lat' dir='ltr'><strong>uc</strong></span> <span class='ocrx_word' id='word_1_4' title='bbox 628 711 774 756; x_wconf 83' lang='lat' dir='ltr'><strong>rvaatro</strong></span> <span class='ocrx_word' id='word_1_5' title='bbox 801 708 971 755; x_wconf 71' lang='lat' dir='ltr'><strong>secuturis</strong></span> <span class='ocrx_word' id='word_1_6' title='bbox 996 709 1118 753; x_wconf 77' lang='lat' dir='ltr'><strong>onnnne</strong></span> 
     </span>
    </p>
   </div>
   <div class='ocr_carea' id='block_1_2' title="bbox 226 876 1319 2474">
    <p class='ocr_par' dir='ltr' id='par_1_2' title="bbox 226 876 1319 2474">
     <span class='ocr_line' id='line_1_2' title="bbox 265 876 1319 969; baseline -0.008 -18"><span class='ocrx_word' id='word_1_7' title='bbox 265 889 336 958; x_wconf 75' lang='lat' dir='ltr'><strong>tos</strong></span> <span class='ocrx_word' id='word_1_8' title='bbox 460 884 528 950; x_wconf 83' lang='lat' dir='ltr'><strong>Dic</strong></span> <span class='ocrx_word' id='word_1_9' title='bbox 550 876 583 948; x_wconf 67' lang='lat' dir='ltr'><strong>te</strong></span> <span class='ocrx_word' id='word_1_10' title='bbox 609 880 793 956; x_wconf 81' lang='lat' dir='ltr'><strong>daturum,</strong></span> <span class='ocrx_word' id='word_1_11' title='bbox 824 898 861 946; x_wconf 88' lang='lat' dir='ltr'><strong>ut</strong></span> <span class='ocrx_word' id='word_1_12' title='bbox 886 879 998 947; x_wconf 81' lang='lat' dir='ltr'><strong>cibeat.</strong></span> <span class='ocrx_word' id='word_1_13' title='bbox 1048 900 1110 947; x_wconf 71' lang='grc' dir='ltr'><strong>Νι,</strong></span> <span class='ocrx_word' id='word_1_14' title='bbox 1146 903 1237 969; x_wconf 76' lang='lat' dir='ltr'><strong>egon</strong></span> <span class='ocrx_word' id='word_1_15' title='bbox 1261 878 1319 944; x_wconf 72' lang='lat' dir='ltr'><strong>di-</strong></span> 
     </span>
     <span class='ocr_line' id='line_1_3' title="bbox 825 995 1028 1063; baseline 0.01 -3"><span class='ocrx_word' id='word_1_16' title='bbox 825 995 900 1061; x_wconf 87' lang='lat' dir='ltr'><strong>ea&#39;m</strong></span> <span class='ocrx_word' id='word_1_17' title='bbox 924 996 1028 1063; x_wconf 71' lang='lat' dir='ltr'><strong>dare?</strong></span> 
     </span>
     <span class='ocr_line' id='line_1_4' title="bbox 232 1109 1134 1204; baseline -0.007 -21"><span class='ocrx_word' id='word_1_18' title='bbox 232 1115 348 1183; x_wconf 85' lang='lat' dir='ltr'><strong>Altero</strong></span> <span class='ocrx_word' id='word_1_19' title='bbox 373 1131 482 1181; x_wconf 86' lang='lat' dir='ltr'><strong>autem</strong></span> <span class='ocrx_word' id='word_1_20' title='bbox 507 1109 583 1178; x_wconf 89' lang='lat' dir='ltr'><strong>loco</strong></span> <span class='ocrx_word' id='word_1_21' title='bbox 608 1112 793 1178; x_wconf 77' lang='lat' dir='ltr'><strong>rectissime</strong></span> <span class='ocrx_word' id='word_1_22' title='bbox 821 1113 902 1179; x_wconf 89' lang='lat' dir='ltr'><strong>haec</strong></span> <span class='ocrx_word' id='word_1_23' title='bbox 927 1110 1134 1204; x_wconf 84' lang='lat' dir='ltr'><strong>procedunt:</strong></span> 
     </span>
     <span class='ocr_line' id='line_1_5' title="bbox 262 1221 1316 1320; baseline -0.008 -19"><span class='ocrx_word' id='word_1_24' title='bbox 262 1233 331 1301; x_wconf 75' lang='lat'><strong>120</strong></span> <span class='ocrx_word' id='word_1_25' title='bbox 455 1251 512 1296; x_wconf 73' lang='lat' dir='ltr'><strong>Tu.</strong></span> <span class='ocrx_word' id='word_1_26' title='bbox 544 1221 690 1294; x_wconf 70' lang='lat' dir='ltr'><strong>Absolve</strong></span> <span class='ocrx_word' id='word_1_27' title='bbox 715 1227 805 1293; x_wconf 82' lang='lat' dir='ltr'><strong>bunc</strong></span> <span class='ocrx_word' id='word_1_28' title='bbox 838 1252 987 1320; x_wconf 80' lang='lat' dir='ltr'><em>quaeso,</em></span> <span class='ocrx_word' id='word_1_29' title='bbox 1022 1223 1146 1295; x_wconf 76' lang='lat' dir='ltr'><strong>vomitu</strong></span> <span class='ocrx_word' id='word_1_30' title='bbox 1181 1251 1226 1292; x_wconf 88' lang='lat' dir='ltr'><strong>ne</strong></span> <span class='ocrx_word' id='word_1_31' title='bbox 1257 1226 1316 1293; x_wconf 88' lang='lat' dir='ltr'><strong>lu&#39;e</strong></span> 
     </span>
     <span class='ocr_line' id='line_1_6' title="bbox 823 1339 1260 1418; baseline -0.005 -10"><span class='ocrx_word' id='word_1_32' title='bbox 823 1368 887 1408; x_wconf 85' lang='lat' dir='ltr'><strong>nos</strong></span> <span class='ocrx_word' id='word_1_33' title='bbox 913 1339 1035 1409; x_wconf 74' lang='lat' dir='ltr'><strong>enicet.</strong></span> <span class='ocrx_word' id='word_1_34' title='bbox 1256 1415 1260 1418; x_wconf 43' lang='grc'><em>,</em></span> 
     </span>
     <span class='ocr_line' id='line_1_7' title="bbox 258 1452 1290 1550; baseline -0.008 -20"><span class='ocrx_word' id='word_1_35' title='bbox 258 1457 327 1530; x_wconf 72' lang='lat'><strong>124</strong></span> <span class='ocrx_word' id='word_1_36' title='bbox 451 1481 512 1527; x_wconf 75' lang='lat' dir='ltr'><strong>ru.</strong></span> <span class='ocrx_word' id='word_1_37' title='bbox 537 1452 766 1535; x_wconf 59' lang='lat' dir='ltr'><strong>Adulescens,</strong></span> <span class='ocrx_word' id='word_1_38' title='bbox 789 1483 917 1524; x_wconf 89' lang='lat' dir='ltr'><strong>mecum</strong></span> <span class='ocrx_word' id='word_1_39' title='bbox 941 1454 1013 1525; x_wconf 88' lang='lat' dir='ltr'><strong>re&#39;m</strong></span> <span class='ocrx_word' id='word_1_40' title='bbox 1033 1456 1121 1525; x_wconf 77' lang='lat' dir='ltr'><strong>habe</strong></span> <span class='ocrx_word' id='word_1_41' title='bbox 1146 1482 1174 1523; x_wconf 92' lang='lat' dir='ltr'><strong>e.</strong></span> <span class='ocrx_word' id='word_1_42' title='bbox 1200 1480 1233 1550; x_wconf 90' lang='lat' dir='ltr'><strong>q.</strong></span> <span class='ocrx_word' id='word_1_43' title='bbox 1263 1483 1290 1523; x_wconf 88' lang='lat' dir='ltr'><strong>s.</strong></span> 
     </span>
     <span class='ocr_line' id='line_1_8' title="bbox 231 1574 1314 1665; baseline -0.003 -23"><span class='ocrx_word' id='word_1_44' title='bbox 231 1577 299 1642; x_wconf 82' lang='lat' dir='ltr'><strong>lem</strong></span> <span class='ocrx_word' id='word_1_45' title='bbox 324 1576 413 1640; x_wconf 83' lang='lat' dir='ltr'><strong>enim</strong></span> <span class='ocrx_word' id='word_1_46' title='bbox 439 1574 589 1665; x_wconf 83' lang='lat' dir='ltr'><strong>exposita</strong></span> <span class='ocrx_word' id='word_1_47' title='bbox 613 1600 632 1639; x_wconf 92' lang='lat' dir='ltr'><strong>a</strong></span> <span class='ocrx_word' id='word_1_48' title='bbox 656 1574 827 1640; x_wconf 89' lang='lat' dir='ltr'><strong>Tranione</strong></span> <span class='ocrx_word' id='word_1_49' title='bbox 854 1575 1064 1640; x_wconf 87' lang='lat' dir='ltr'><strong>mercimonii</strong></span> <span class='ocrx_word' id='word_1_50' title='bbox 1077 1574 1216 1652; x_wconf 85' lang='lat' dir='ltr'><strong>ratione,</strong></span> <span class='ocrx_word' id='word_1_51' title='bbox 1241 1596 1314 1664; x_wconf 89' lang='lat' dir='ltr'><strong>quo</strong></span> 
     </span>
     <span class='ocr_line' id='line_1_9' title="bbox 230 1687 1311 1782; baseline -0.006 -23"><span class='ocrx_word' id='word_1_52' title='bbox 230 1692 309 1759; x_wconf 89' lang='lat' dir='ltr'><strong>alias</strong></span> <span class='ocrx_word' id='word_1_53' title='bbox 334 1689 436 1757; x_wconf 85' lang='lat' dir='ltr'><strong>aedes</strong></span> <span class='ocrx_word' id='word_1_54' title='bbox 462 1687 550 1755; x_wconf 86' lang='lat' dir='ltr'><strong>filius</strong></span> <span class='ocrx_word' id='word_1_55' title='bbox 577 1687 668 1756; x_wconf 86' lang='lat' dir='ltr'><strong>erilis</strong></span> <span class='ocrx_word' id='word_1_56' title='bbox 694 1690 834 1768; x_wconf 80' lang='lat' dir='ltr'><strong>emerit,</strong></span> <span class='ocrx_word' id='word_1_57' title='bbox 860 1707 910 1756; x_wconf 91' lang='lat' dir='ltr'><strong>sat</strong></span> <span class='ocrx_word' id='word_1_58' title='bbox 933 1708 1109 1782; x_wconf 83' lang='lat' dir='ltr'><strong>promptus</strong></span> <span class='ocrx_word' id='word_1_59' title='bbox 1135 1687 1180 1753; x_wconf 85' lang='lat' dir='ltr'><strong>ad</strong></span> <span class='ocrx_word' id='word_1_60' title='bbox 1202 1712 1311 1780; x_wconf 85' lang='lat' dir='ltr'><strong>pecu-</strong></span> 
     </span>
     <span class='ocr_line' id='line_1_10' title="bbox 230 1803 1311 1877; baseline -0.007 -2"><span class='ocrx_word' id='word_1_61' title='bbox 230 1811 319 1875; x_wconf 90' lang='lat' dir='ltr'><strong>niam</strong></span> <span class='ocrx_word' id='word_1_62' title='bbox 344 1803 537 1873; x_wconf 74' lang='lat' dir='ltr'><strong>solvendam</strong></span> <span class='ocrx_word' id='word_1_63' title='bbox 563 1829 665 1872; x_wconf 86' lang='lat' dir='ltr'>senex</span> <span class='ocrx_word' id='word_1_64' title='bbox 693 1806 824 1877; x_wconf 82' lang='lat' dir='ltr'><strong>exstitit.</strong></span> <span class='ocrx_word' id='word_1_65' title='bbox 874 1807 984 1873; x_wconf 88' lang='lat' dir='ltr'><strong>Versu</strong></span> <span class='ocrx_word' id='word_1_66' title='bbox 1011 1822 1118 1871; x_wconf 88' lang='lat' dir='ltr'><strong>autem</strong></span> <span class='ocrx_word' id='word_1_67' title='bbox 1150 1805 1217 1872; x_wconf 68' lang='lat'><strong>120</strong></span> <span class='ocrx_word' id='word_1_68' title='bbox 1234 1828 1311 1868; x_wconf 90' lang='lat' dir='ltr'><strong>cum</strong></span> 
     </span>
     <span class='ocr_line' id='line_1_11' title="bbox 226 1920 1312 2017; baseline -0.006 -26"><span class='ocrx_word' id='word_1_69' title='bbox 226 1925 349 2017; x_wconf 52' lang='lat' dir='ltr'><strong>¹Rothio</strong></span> <span class='ocrx_word' id='word_1_70' title='bbox 375 1920 590 1990; x_wconf 84' lang='lat' dir='ltr'><strong>scribendum</strong></span> <span class='ocrx_word' id='word_1_71' title='bbox 623 1921 683 1986; x_wconf 86' lang='lat' dir='ltr'><strong>suit</strong></span> <span class='ocrx_word' id='word_1_72' title='bbox 721 1926 845 1988; x_wconf 81' lang='lat' dir='ltr'><strong>vomitu</strong></span> <span class='ocrx_word' id='word_1_73' title='bbox 869 1946 913 1987; x_wconf 86' lang='lat' dir='ltr'><strong>ne</strong></span> <span class='ocrx_word' id='word_1_74' title='bbox 938 1922 993 1986; x_wconf 87' lang='lat' dir='ltr'><strong>lu&#39;c</strong></span> <span class='ocrx_word' id='word_1_75' title='bbox 1015 1946 1078 1986; x_wconf 87' lang='lat' dir='ltr'><strong>nos</strong></span> <span class='ocrx_word' id='word_1_76' title='bbox 1103 1925 1217 1985; x_wconf 81' lang='lat' dir='ltr'><strong>enicet</strong></span> <span class='ocrx_word' id='word_1_77' title='bbox 1246 1944 1312 2011; x_wconf 91' lang='lat' dir='ltr'><strong>pro</strong></span> 
     </span>
     <span class='ocr_line' id='line_1_12' title="bbox 230 2035 1306 2132; baseline -0.007 -24"><span class='ocrx_word' id='word_1_78' title='bbox 230 2064 269 2108; x_wconf 88' lang='lat' dir='ltr'><strong>co</strong></span> <span class='ocrx_word' id='word_1_79' title='bbox 296 2038 386 2132; x_wconf 91' lang='lat' dir='ltr'><strong>quod</strong></span> <span class='ocrx_word' id='word_1_80' title='bbox 413 2036 564 2130; x_wconf 86' lang='lat' dir='ltr'><strong>vulgatur</strong></span> <span class='ocrx_word' id='word_1_81' title='bbox 588 2035 723 2102; x_wconf 78' lang='lat' dir='ltr'><strong>absolve</strong></span> <span class='ocrx_word' id='word_1_82' title='bbox 748 2036 838 2101; x_wconf 75' lang='lat' dir='ltr'><strong>tnnc</strong></span> <span class='ocrx_word' id='word_1_83' title='bbox 863 2061 989 2130; x_wconf 78' lang='lat' dir='ltr'><em>quaeso</em></span> <span class='ocrx_word' id='word_1_84' title='bbox 1014 2040 1185 2111; x_wconf 78' lang='lat' dir='ltr'><strong>vomitum,</strong></span> <span class='ocrx_word' id='word_1_85' title='bbox 1211 2059 1255 2100; x_wconf 88' lang='lat' dir='ltr'><strong>ne</strong></span> <span class='ocrx_word' id='word_1_86' title='bbox 1270 2035 1306 2100; x_wconf 76' lang='lat' dir='ltr'><strong>h.</strong></span> 
     </span>
     <span class='ocr_line' id='line_1_13' title="bbox 231 2149 1309 2246; baseline -0.005 -26"><span class='ocrx_word' id='word_1_87' title='bbox 231 2179 264 2221; x_wconf 87' lang='lat' dir='ltr'><strong>n.</strong></span> <span class='ocrx_word' id='word_1_88' title='bbox 290 2179 318 2220; x_wconf 89' lang='lat' dir='ltr'><strong>e.</strong></span> <span class='ocrx_word' id='word_1_89' title='bbox 370 2154 577 2246; x_wconf 85' lang='lat' dir='ltr'><strong>Longissime</strong></span> <span class='ocrx_word' id='word_1_90' title='bbox 611 2153 699 2218; x_wconf 86' lang='lat' dir='ltr'><strong>enim</strong></span> <span class='ocrx_word' id='word_1_91' title='bbox 734 2151 939 2218; x_wconf 82' lang='lat' dir='ltr'><strong>Lucilianum</strong></span> <span class='ocrx_word' id='word_1_92' title='bbox 971 2151 1056 2217; x_wconf 91' lang='lat' dir='ltr'><strong>illud</strong></span> <span class='ocrx_word' id='word_1_93' title='bbox 1094 2149 1192 2219; x_wconf 87' lang='lat' dir='ltr'><strong>distat</strong></span> <span class='ocrx_word' id='word_1_94' title='bbox 1217 2150 1309 2243; x_wconf 85' lang='lat' dir='ltr'><strong>apud</strong></span> 
     </span>
     <span class='ocr_line' id='line_1_14' title="bbox 230 2264 1310 2360; baseline -0.006 -22"><span class='ocrx_word' id='word_1_95' title='bbox 230 2271 375 2338; x_wconf 84' lang='lat' dir='ltr'><strong>Nonium</strong></span> <span class='ocrx_word' id='word_1_96' title='bbox 401 2295 433 2360; x_wconf 85' lang='lat' dir='ltr'><strong>p.</strong></span> <span class='ocrx_word' id='word_1_97' title='bbox 461 2272 493 2346; x_wconf 71' lang='lat'><strong>2,</strong></span> <span class='ocrx_word' id='word_1_98' title='bbox 517 2291 584 2360; x_wconf 90' lang='lat' dir='ltr'><strong>quo</strong></span> <span class='ocrx_word' id='word_1_99' title='bbox 611 2264 804 2333; x_wconf 81' lang='lat' dir='ltr'><strong>Trebellius</strong></span> <span class='ocrx_word' id='word_1_100' title='bbox 831 2267 967 2360; x_wconf 89' lang='lat' dir='ltr'><strong>quidam</strong></span> <span class='ocrx_word' id='word_1_101' title='bbox 991 2267 1135 2333; x_wconf 88' lang='lat' dir='ltr'><strong>videtu</strong></span> <span class='ocrx_word' id='word_1_102' title='bbox 1146 2294 1163 2332; x_wconf 91' lang='lat' dir='ltr'><strong>r</strong></span> <span class='ocrx_word' id='word_1_103' title='bbox 1174 2267 1310 2354; x_wconf 81' lang='lat' dir='ltr'><strong>febris,</strong></span> 
     </span>
     <span class='ocr_line' id='line_1_15' title="bbox 228 2384 783 2474; baseline -0.002 -25"><span class='ocrx_word' id='word_1_104' title='bbox 228 2388 369 2467; x_wconf 78' lang='lat' dir='ltr'><strong>senium,</strong></span> <span class='ocrx_word' id='word_1_105' title='bbox 396 2387 554 2457; x_wconf 84' lang='lat' dir='ltr'><strong>vomitus,</strong></span> <span class='ocrx_word' id='word_1_106' title='bbox 575 2407 639 2474; x_wconf 83' lang='lat' dir='ltr'><strong>pus</strong></span> <span class='ocrx_word' id='word_1_107' title='bbox 662 2384 783 2449; x_wconf 87' lang='lat' dir='ltr'><strong>vocari.</strong></span> 
     </span>
    </p>
   </div>
   <div class='ocr_carea' id='block_1_3' title="bbox 719 2612 892 2717">
    <p class='ocr_par' dir='ltr' id='par_1_3' title="bbox 719 2612 892 2717">
     <span class='ocr_line' id='line_1_16' title="bbox 719 2612 892 2717; baseline -0.006 0"><span class='ocrx_word' id='word_1_108' title='bbox 719 2631 815 2717; x_wconf 69' lang='lat' dir='ltr'><strong>§.a</strong></span> <span class='ocrx_word' id='word_1_109' title='bbox 889 2612 892 2619; x_wconf 84' lang='grc'><strong>’</strong></span> 
     </span>
    </p>
   </div>
   <div class='ocr_carea' id='block_1_4' title="bbox 349 2831 1310 2925">
    <p class='ocr_par' dir='ltr' id='par_1_4' title="bbox 349 2831 1310 2925">
     <span class='ocr_line' id='line_1_17' title="bbox 349 2831 1310 2925; baseline -0.002 -28"><span class='ocrx_word' id='word_1_110' title='bbox 349 2831 439 2898; x_wconf 85' lang='lat' dir='ltr'><strong>Haec</strong></span> <span class='ocrx_word' id='word_1_111' title='bbox 477 2855 562 2924; x_wconf 87' lang='lat' dir='ltr'><strong>qnae</strong></span> <span class='ocrx_word' id='word_1_112' title='bbox 598 2832 804 2897; x_wconf 80' lang='lat' dir='ltr'><strong>tractavimus</strong></span> <span class='ocrx_word' id='word_1_113' title='bbox 855 2831 1008 2925; x_wconf 86' lang='lat' dir='ltr'><strong>exempla</strong></span> <span class='ocrx_word' id='word_1_114' title='bbox 1043 2833 1086 2898; x_wconf 91' lang='lat' dir='ltr'><strong>ita</strong></span> <span class='ocrx_word' id='word_1_115' title='bbox 1122 2848 1310 2923; x_wconf 75' lang='lat' dir='ltr'><strong>comparata</strong></span> 
     </span>
    </p>
   </div>
   <div class='ocr_carea' id='block_1_5' title="bbox 224 2947 1308 4651">
    <p class='ocr_par' dir='ltr' id='par_1_5' title="bbox 227 2947 1308 3731">
     <span class='ocr_line' id='line_1_18' title="bbox 228 2947 1308 3038; baseline -0.004 -24"><span class='ocrx_word' id='word_1_116' title='bbox 228 2966 312 3029; x_wconf 87' lang='lat' dir='ltr'><strong>sunt,</strong></span> <span class='ocrx_word' id='word_1_117' title='bbox 340 2965 376 3014; x_wconf 89' lang='lat' dir='ltr'><strong>ut</strong></span> <span class='ocrx_word' id='word_1_118' title='bbox 402 2972 492 3012; x_wconf 91' lang='lat' dir='ltr'><strong>cum</strong></span> <span class='ocrx_word' id='word_1_119' title='bbox 518 2947 766 3012; x_wconf 84' lang='lat' dir='ltr'><strong>iteratione</strong></span> <span class='ocrx_word' id='word_1_120' title='bbox 795 2947 968 3013; x_wconf 86' lang='lat' dir='ltr'><strong>coniuncta</strong></span> <span class='ocrx_word' id='word_1_121' title='bbox 994 2951 1035 3015; x_wconf 89' lang='lat' dir='ltr'><strong>sit</strong></span> <span class='ocrx_word' id='word_1_122' title='bbox 1061 2949 1201 3014; x_wconf 86' lang='lat' dir='ltr'><strong>affinium</strong></span> <span class='ocrx_word' id='word_1_123' title='bbox 1227 2972 1308 3038; x_wconf 86' lang='lat' dir='ltr'><strong>par-</strong></span> 
     </span>
     <span class='ocr_line' id='line_1_19' title="bbox 229 3063 1308 3154; baseline -0.006 -24"><span class='ocrx_word' id='word_1_124' title='bbox 229 3067 286 3131; x_wconf 90' lang='lat' dir='ltr'><strong>tim</strong></span> <span class='ocrx_word' id='word_1_125' title='bbox 321 3063 629 3154; x_wconf 89' lang='lat' dir='ltr'><strong>transpositio.</strong></span> <span class='ocrx_word' id='word_1_126' title='bbox 687 3065 764 3128; x_wconf 89' lang='lat' dir='ltr'><strong>Non</strong></span> <span class='ocrx_word' id='word_1_127' title='bbox 789 3064 951 3154; x_wconf 87' lang='lat' dir='ltr'><strong>pertinuit</strong></span> <span class='ocrx_word' id='word_1_128' title='bbox 976 3064 1019 3130; x_wconf 90' lang='lat' dir='ltr'><strong>ad</strong></span> <span class='ocrx_word' id='word_1_129' title='bbox 1042 3067 1166 3131; x_wconf 83' lang='lat' dir='ltr'><strong>vicinos</strong></span> <span class='ocrx_word' id='word_1_130' title='bbox 1194 3087 1308 3128; x_wconf 81' lang='lat' dir='ltr'><strong>versus</strong></span> 
     </span>
     <span class='ocr_line' id='line_1_20' title="bbox 228 3175 1305 3271; baseline -0.004 -26"><span class='ocrx_word' id='word_1_131' title='bbox 228 3180 411 3247; x_wconf 85' lang='lat' dir='ltr'><strong>iteratio</strong></span> <span class='ocrx_word' id='word_1_132' title='bbox 438 3176 509 3243; x_wconf 91' lang='lat' dir='ltr'><strong>aliis</strong></span> <span class='ocrx_word' id='word_1_133' title='bbox 537 3175 700 3270; x_wconf 82' lang='lat' dir='ltr'><strong>exemplis</strong></span> <span class='ocrx_word' id='word_1_134' title='bbox 727 3177 875 3244; x_wconf 89' lang='lat' dir='ltr'><strong>ciusdem</strong></span> <span class='ocrx_word' id='word_1_135' title='bbox 900 3178 1051 3245; x_wconf 82' lang='lat' dir='ltr'><strong>fabulae:</strong></span> <span class='ocrx_word' id='word_1_136' title='bbox 1079 3194 1189 3271; x_wconf 85' lang='lat' dir='ltr'><strong>neque</strong></span> <span class='ocrx_word' id='word_1_137' title='bbox 1217 3179 1305 3242; x_wconf 85' lang='lat' dir='ltr'><strong>enim</strong></span> 
     </span>
     <span class='ocr_line' id='line_1_21' title="bbox 228 3290 1308 3385; baseline -0.004 -25"><span class='ocrx_word' id='word_1_138' title='bbox 228 3296 354 3360; x_wconf 84' lang='lat' dir='ltr'><strong>animus</strong></span> <span class='ocrx_word' id='word_1_139' title='bbox 377 3310 427 3360; x_wconf 84' lang='lat' dir='ltr'><strong>cst</strong></span> <span class='ocrx_word' id='word_1_140' title='bbox 451 3311 543 3359; x_wconf 85' lang='lat' dir='ltr'><strong>extra</strong></span> <span class='ocrx_word' id='word_1_141' title='bbox 567 3293 670 3385; x_wconf 90' lang='lat' dir='ltr'><strong>ipsius</strong></span> <span class='ocrx_word' id='word_1_142' title='bbox 682 3292 906 3359; x_wconf 86' lang='lat' dir='ltr'><strong>Mostellariae</strong></span> <span class='ocrx_word' id='word_1_143' title='bbox 932 3294 1016 3360; x_wconf 87' lang='lat' dir='ltr'><strong>fines</strong></span> <span class='ocrx_word' id='word_1_144' title='bbox 1038 3295 1175 3385; x_wconf 82' lang='lat' dir='ltr'><strong>evagari.</strong></span> <span class='ocrx_word' id='word_1_145' title='bbox 1202 3290 1308 3358; x_wconf 88' lang='lat' dir='ltr'><strong>Velut</strong></span> 
     </span>
     <span class='ocr_line' id='line_1_22' title="bbox 228 3406 1305 3504; baseline -0.006 -28"><span class='ocrx_word' id='word_1_146' title='bbox 228 3413 302 3504; x_wconf 88' lang='lat' dir='ltr'><strong>quis</strong></span> <span class='ocrx_word' id='word_1_147' title='bbox 328 3427 438 3502; x_wconf 84' lang='lat' dir='ltr'><strong>potest</strong></span> <span class='ocrx_word' id='word_1_148' title='bbox 463 3406 641 3488; x_wconf 84' lang='lat' dir='ltr'><strong>dubitare,</strong></span> <span class='ocrx_word' id='word_1_149' title='bbox 680 3409 760 3501; x_wconf 92' lang='lat' dir='ltr'><strong>quin</strong></span> <span class='ocrx_word' id='word_1_150' title='bbox 793 3434 908 3475; x_wconf 87' lang='lat' dir='ltr'><strong>errore</strong></span> <span class='ocrx_word' id='word_1_151' title='bbox 942 3427 1066 3476; x_wconf 90' lang='lat' dir='ltr'><strong>tantum</strong></span> <span class='ocrx_word' id='word_1_152' title='bbox 1091 3408 1305 3475; x_wconf 86' lang='lat' dir='ltr'><strong>librariorum</strong></span> 
     </span>
     <span class='ocr_line' id='line_1_23' title="bbox 227 3521 591 3603; baseline 0.005 -15"><span class='ocrx_word' id='word_1_153' title='bbox 227 3526 261 3589; x_wconf 92' lang='lat' dir='ltr'><strong>in</strong></span> <span class='ocrx_word' id='word_1_154' title='bbox 287 3525 329 3603; x_wconf 91' lang='grc' dir='ltr'><strong>ΙΙ,</strong></span> <span class='ocrx_word' id='word_1_155' title='bbox 358 3531 373 3592; x_wconf 89' lang='grc'>1</span> <span class='ocrx_word' id='word_1_156' title='bbox 405 3547 518 3588; x_wconf 78' lang='lat' dir='ltr'><strong>versus</strong></span> <span class='ocrx_word' id='word_1_157' title='bbox 544 3521 591 3590; x_wconf 78' lang='lat'><strong>64</strong></span> 
     </span>
     <span class='ocr_line' id='line_1_24' title="bbox 327 3634 1307 3731; baseline -0.007 -27"><span class='ocrx_word' id='word_1_158' title='bbox 327 3638 459 3705; x_wconf 78' lang='lat' dir='ltr'><strong>Cluvim</strong></span> <span class='ocrx_word' id='word_1_159' title='bbox 483 3634 566 3702; x_wconf 89' lang='lat' dir='ltr'><strong>cedo</strong></span> <span class='ocrx_word' id='word_1_160' title='bbox 592 3652 694 3729; x_wconf 75' lang='lat' dir='ltr'><strong>utque</strong></span> <span class='ocrx_word' id='word_1_161' title='bbox 716 3636 775 3702; x_wconf 85' lang='lat' dir='ltr'><strong>ubi</strong></span> <span class='ocrx_word' id='word_1_162' title='bbox 795 3642 887 3703; x_wconf 78' lang='lat' dir='ltr'><strong>intro</strong></span> <span class='ocrx_word' id='word_1_163' title='bbox 906 3656 1007 3731; x_wconf 84' lang='lat' dir='ltr'><strong>atque</strong></span> <span class='ocrx_word' id='word_1_164' title='bbox 1025 3637 1163 3702; x_wconf 82' lang='lat' dir='ltr'><strong>occlude</strong></span> <span class='ocrx_word' id='word_1_165' title='bbox 1183 3641 1307 3702; x_wconf 84' lang='lat' dir='ltr'><strong>ostium</strong></span> 
     </span>
    </p>

    <p class='ocr_par' dir='ltr' id='par_1_6' title="bbox 224 3753 1308 4422">
     <span class='ocr_line' id='line_1_25' title="bbox 226 3753 1304 3849; baseline -0.005 -26"><span class='ocrx_word' id='word_1_166' title='bbox 226 3756 390 3849; x_wconf 89' lang='lat' dir='ltr'><strong>repetitus</strong></span> <span class='ocrx_word' id='word_1_167' title='bbox 413 3755 455 3820; x_wconf 89' lang='lat' dir='ltr'><strong>sit</strong></span> <span class='ocrx_word' id='word_1_168' title='bbox 480 3772 556 3844; x_wconf 89' lang='lat' dir='ltr'><strong>post</strong></span> <span class='ocrx_word' id='word_1_169' title='bbox 581 3780 607 3819; x_wconf 87' lang='lat' dir='ltr'><strong>v.</strong></span> <span class='ocrx_word' id='word_1_170' title='bbox 636 3756 699 3834; x_wconf 86' lang='grc'><strong>77,</strong></span> <span class='ocrx_word' id='word_1_171' title='bbox 740 3753 848 3820; x_wconf 87' lang='lat' dir='ltr'><strong>deleri</strong></span> <span class='ocrx_word' id='word_1_172' title='bbox 882 3756 986 3821; x_wconf 88' lang='lat' dir='ltr'><strong>iussus</strong></span> <span class='ocrx_word' id='word_1_173' title='bbox 1013 3756 1202 3847; x_wconf 84' lang='lat' dir='ltr'><strong>posteriore</strong></span> <span class='ocrx_word' id='word_1_174' title='bbox 1225 3753 1304 3819; x_wconf 89' lang='lat' dir='ltr'><strong>loco</strong></span> 
     </span>
     <span class='ocr_line' id='line_1_26' title="bbox 225 3868 1302 3962; baseline -0.005 -24"><span class='ocrx_word' id='word_1_175' title='bbox 225 3873 267 3938; x_wconf 83' lang='lat' dir='ltr'><strong>ab</strong></span> <span class='ocrx_word' id='word_1_176' title='bbox 285 3868 459 3938; x_wconf 77' lang='lat' dir='ltr'><strong>Acidalio?</strong></span> <span class='ocrx_word' id='word_1_177' title='bbox 483 3868 548 3935; x_wconf 89' lang='lat' dir='ltr'><strong>Vel</strong></span> <span class='ocrx_word' id='word_1_178' title='bbox 567 3889 602 3936; x_wconf 93' lang='lat' dir='ltr'><strong>ut</strong></span> <span class='ocrx_word' id='word_1_179' title='bbox 627 3869 756 3962; x_wconf 84' lang='lat' dir='ltr'><strong>gravius</strong></span> <span class='ocrx_word' id='word_1_180' title='bbox 770 3870 950 3960; x_wconf 85' lang='lat' dir='ltr'><strong>proferam,</strong></span> <span class='ocrx_word' id='word_1_181' title='bbox 977 3871 1060 3962; x_wconf 85' lang='lat' dir='ltr'><strong>quin</strong></span> <span class='ocrx_word' id='word_1_182' title='bbox 1075 3895 1189 3935; x_wconf 87' lang='lat' dir='ltr'><strong>verum</strong></span> <span class='ocrx_word' id='word_1_183' title='bbox 1210 3868 1302 3936; x_wconf 85' lang='lat' dir='ltr'><strong>idem</strong></span> 
     </span>
     <span class='ocr_line' id='line_1_27' title="bbox 226 3983 1303 4065; baseline -0.004 -12"><span class='ocrx_word' id='word_1_184' title='bbox 226 3986 346 4054; x_wconf 82' lang='lat' dir='ltr'><strong>viderit</strong></span> <span class='ocrx_word' id='word_1_185' title='bbox 369 3987 403 4051; x_wconf 92' lang='lat' dir='ltr'><strong>in</strong></span> <span class='ocrx_word' id='word_1_186' title='bbox 429 3985 488 4063; x_wconf 86' lang='grc' dir='ltr'><strong>ΙΙΙ,</strong></span> <span class='ocrx_word' id='word_1_187' title='bbox 518 3990 556 4065; x_wconf 91' lang='lat' dir='ltr'><strong>t,</strong></span> <span class='ocrx_word' id='word_1_188' title='bbox 595 3987 652 4052; x_wconf 90' lang='lat' dir='ltr'><strong>ubi</strong></span> <span class='ocrx_word' id='word_1_189' title='bbox 688 3985 835 4050; x_wconf 87' lang='lat' dir='ltr'><strong>versibus</strong></span> <span class='ocrx_word' id='word_1_190' title='bbox 863 3983 920 4052; x_wconf 74' lang='lat'><strong>26.</strong></span> <span class='ocrx_word' id='word_1_191' title='bbox 948 3989 1003 4057; x_wconf 82' lang='lat'><strong>30.</strong></span> <span class='ocrx_word' id='word_1_192' title='bbox 1031 3986 1087 4052; x_wconf 87' lang='grc'><strong>31.</strong></span> <span class='ocrx_word' id='word_1_193' title='bbox 1111 3986 1156 4053; x_wconf 68' lang='lat'><strong>32</strong></span> <span class='ocrx_word' id='word_1_194' title='bbox 1181 3986 1303 4051; x_wconf 84' lang='lat' dir='ltr'><strong>iterum</strong></span> 
     </span>
     <span class='ocr_line' id='line_1_28' title="bbox 224 4098 1308 4194; baseline -0.002 -27"><span class='ocrx_word' id='word_1_195' title='bbox 224 4120 303 4194; x_wconf 90' lang='lat' dir='ltr'><strong>post</strong></span> <span class='ocrx_word' id='word_1_196' title='bbox 324 4129 351 4167; x_wconf 87' lang='lat' dir='ltr'><strong>v.</strong></span> <span class='ocrx_word' id='word_1_197' title='bbox 383 4103 426 4172; x_wconf 90' lang='lat'><strong>18</strong></span> <span class='ocrx_word' id='word_1_198' title='bbox 453 4101 586 4167; x_wconf 91' lang='lat' dir='ltr'><strong>intrusis</strong></span> <span class='ocrx_word' id='word_1_199' title='bbox 608 4098 692 4166; x_wconf 89' lang='lat' dir='ltr'><strong>illud</strong></span> <span class='ocrx_word' id='word_1_200' title='bbox 716 4099 853 4178; x_wconf 87' lang='lat' dir='ltr'><strong>accidit,</strong></span> <span class='ocrx_word' id='word_1_201' title='bbox 891 4121 996 4168; x_wconf 90' lang='lat' dir='ltr'><strong>utne</strong></span> <span class='ocrx_word' id='word_1_202' title='bbox 1030 4102 1205 4167; x_wconf 90' lang='lat' dir='ltr'><strong>continuae</strong></span> <span class='ocrx_word' id='word_1_203' title='bbox 1228 4102 1308 4193; x_wconf 88' lang='lat' dir='ltr'><strong>qui-</strong></span> 
     </span>
     <span class='ocr_line' id='line_1_29' title="bbox 227 4216 1308 4309; baseline -0.001 -27"><span class='ocrx_word' id='word_1_204' title='bbox 227 4217 305 4283; x_wconf 87' lang='lat' dir='ltr'><strong>dem</strong></span> <span class='ocrx_word' id='word_1_205' title='bbox 340 4234 451 4309; x_wconf 85' lang='lat' dir='ltr'><strong>partes</strong></span> <span class='ocrx_word' id='word_1_206' title='bbox 483 4217 723 4282; x_wconf 85' lang='lat' dir='ltr'><strong>traiicereutur.</strong></span> <span class='ocrx_word' id='word_1_207' title='bbox 789 4219 852 4300; x_wconf 90' lang='lat' dir='ltr'><strong>Qui</strong></span> <span class='ocrx_word' id='word_1_208' title='bbox 883 4243 995 4284; x_wconf 86' lang='lat' dir='ltr'><strong>versus</strong></span> <span class='ocrx_word' id='word_1_209' title='bbox 1036 4243 1110 4284; x_wconf 90' lang='lat' dir='ltr'><strong>cum</strong></span> <span class='ocrx_word' id='word_1_210' title='bbox 1141 4216 1308 4308; x_wconf 81' lang='lat' dir='ltr'><strong>elegantia</strong></span> 
     </span>
     <span class='ocr_line' id='line_1_30' title="bbox 226 4330 1079 4422; baseline -0.002 -25"><span class='ocrx_word' id='word_1_211' title='bbox 226 4330 344 4397; x_wconf 86' lang='lat' dir='ltr'><strong>suadet</strong></span> <span class='ocrx_word' id='word_1_212' title='bbox 369 4350 436 4397; x_wconf 90' lang='lat' dir='ltr'><strong>tum</strong></span> <span class='ocrx_word' id='word_1_213' title='bbox 463 4331 546 4397; x_wconf 90' lang='lat' dir='ltr'><strong>ratio</strong></span> <span class='ocrx_word' id='word_1_214' title='bbox 572 4330 718 4422; x_wconf 88' lang='lat' dir='ltr'><strong>postulat</strong></span> <span class='ocrx_word' id='word_1_215' title='bbox 742 4349 777 4397; x_wconf 86' lang='lat' dir='ltr'><strong>ut</strong></span> <span class='ocrx_word' id='word_1_216' title='bbox 802 4334 849 4398; x_wconf 91' lang='lat' dir='ltr'><strong>sic</strong></span> <span class='ocrx_word' id='word_1_217' title='bbox 872 4334 1079 4399; x_wconf 88' lang='lat' dir='ltr'><strong>scribantur:</strong></span> 
     </span>
    </p>

    <p class='ocr_par' dir='ltr' id='par_1_7' title="bbox 277 4439 1257 4539">
     <span class='ocr_line' id='line_1_31' title="bbox 277 4439 1257 4539; baseline -0.003 -24"><span class='ocrx_word' id='word_1_218' title='bbox 277 4454 320 4518; x_wconf 86' lang='lat'><strong>17</strong></span> <span class='ocrx_word' id='word_1_219' title='bbox 373 4469 429 4514; x_wconf 78' lang='lat' dir='ltr'><strong>ra.</strong></span> <span class='ocrx_word' id='word_1_220' title='bbox 453 4439 627 4539; x_wconf 84' lang='lat' dir='ltr'><strong>Numquid</strong></span> <span class='ocrx_word' id='word_1_221' title='bbox 649 4445 772 4512; x_wconf 72' lang='lat' dir='ltr'><strong>dixisti</strong></span> <span class='ocrx_word' id='word_1_222' title='bbox 789 4444 833 4512; x_wconf 83' lang='lat' dir='ltr'><strong>de</strong></span> <span class='ocrx_word' id='word_1_223' title='bbox 858 4442 929 4522; x_wconf 85' lang='lat' dir='ltr'><strong>illo,</strong></span> <span class='ocrx_word' id='word_1_224' title='bbox 955 4447 1048 4538; x_wconf 76' lang='lat' dir='ltr'><strong>quod</strong></span> <span class='ocrx_word' id='word_1_225' title='bbox 1071 4442 1147 4513; x_wconf 74' lang='lat' dir='ltr'><strong>diri</strong></span> <span class='ocrx_word' id='word_1_226' title='bbox 1168 4446 1257 4512; x_wconf 75' lang='lat' dir='ltr'><strong>tibi?</strong></span> 
     </span>
    </p>

    <p class='ocr_par' dir='ltr' id='par_1_8' title="bbox 277 4556 1305 4651">
     <span class='ocr_line' id='line_1_32' title="bbox 277 4556 1305 4651; baseline 0.001 -22"><span class='ocrx_word' id='word_1_227' title='bbox 277 4563 322 4632; x_wconf 87' lang='lat'><strong>18</strong></span> <span class='ocrx_word' id='word_1_228' title='bbox 372 4585 433 4630; x_wconf 76' lang='lat' dir='ltr'><strong>ru.</strong></span> <span class='ocrx_word' id='word_1_229' title='bbox 450 4563 548 4651; x_wconf 55' lang='lat' dir='ltr'><strong>pici</strong></span> <span class='ocrx_word' id='word_1_230' title='bbox 564 4556 675 4628; x_wconf 81' lang='lat' dir='ltr'><strong>lte&#39;rcle</strong></span> <span class='ocrx_word' id='word_1_231' title='bbox 703 4587 780 4628; x_wconf 85' lang='lat' dir='ltr'><strong>vero</strong></span> <span class='ocrx_word' id='word_1_232' title='bbox 803 4566 838 4629; x_wconf 84' lang='lat' dir='ltr'><strong>ei</strong></span> <span class='ocrx_word' id='word_1_233' title='bbox 857 4558 981 4629; x_wconf 73' lang='lat' dir='ltr'><strong>otnniu.</strong></span> <span class='ocrx_word' id='word_1_234' title='bbox 1018 4587 1074 4632; x_wconf 76' lang='lat' dir='ltr'><strong>Tu.</strong></span> <span class='ocrx_word' id='word_1_235' title='bbox 1098 4562 1155 4627; x_wconf 78' lang='lat' dir='ltr'><strong>hei</strong></span> <span class='ocrx_word' id='word_1_236' title='bbox 1178 4559 1305 4630; x_wconf 81' lang='lat' dir='ltr'><strong>misero&#39;</strong></span> 
     </span>
    </p>
   </div>
   <div class='ocr_carea' id='block_1_6' title="bbox 818 4676 916 4742">
    <p class='ocr_par' dir='ltr' id='par_1_9' title="bbox 818 4676 916 4742">
     <span class='ocr_line' id='line_1_33' title="bbox 818 4676 916 4742; baseline 0.01 -1"><span class='ocrx_word' id='word_1_237' title='bbox 818 4676 916 4742; x_wconf 69' lang='lat' dir='ltr'><strong>mibi:</strong></span> 
     </span>
    </p>
   </div>
   <div class='ocr_carea' id='block_1_7' title="bbox 0 0 1414 5332">
    <p class='ocr_par' dir='ltr' id='par_1_10' title="bbox 0 0 1414 5332">
     <span class='ocr_line' id='line_1_34' title="bbox 0 0 1414 5332; baseline 0 2"><span class='ocrx_word' id='word_1_238' title='bbox 0 0 1414 5332; x_wconf 95' lang='lat' dir='ltr'><strong> </strong></span> 
     </span>
    </p>
   </div>
  </div>
 </body>
</html>
