2820 5332
246 706 317 776 53⁸2
565 729 608 769 ix.
660 727 702 769 ns
727 724 1014 769 turesrotsstons

244 914 371 989 pereat
416 898 528 988 Atque
554 897 590 961 iu
617 893 767 961 eandem*
781 893 852 961 sere
877 893 1076 961 sententiam
1101 911 1219 962 eontra
1239 895 1331 961 Her-

244 1037 401 1080 mannum
424 1015 490 1079 iam
515 1011 655 1078 Botbius
677 1009 760 1076 <lixit
788 1009 868 1077 edit
894 1011 919 1074 l.
944 1006 1064 1102 ptos
1090 1009 1154 1077 vol.
1172 1012 1228 1080 lv.
1255 1009 1330 1078 Sed

244 1129 336 1196 idem
372 1153 447 1194 cum
473 1152 548 1207 eos,
589 1151 674 1219 quos
708 1127 896 1206 reiisimus,
930 1150 1045 1192 versus
1077 1124 1172 1193 nullo
1205 1126 1328 1194 codiee

244 1270 303 1311 ms.
330 1242 502 1335 proditos,
537 1266 654 1309 verum
680 1243 722 1308 ab
755 1238 899 1332 Angelio
934 1239 1073 1307 demum
1095 1242 1131 1306 in
1154 1243 1328 1308 Iuntinum

246 1357 418 1451 exemplar
442 1356 551 1424 illatos
579 1373 707 1433 narrat,
732 1380 870 1447 prorsus
895 1353 1028 1422 fallitur.
1079 1355 1152 1423 Neo
1178 1357 1269 1422 enim
1293 1359 1331 1423 in

244 1472 419 1540 codicibus
451 1489 575 1539 tantum
606 1469 650 1536 ad
684 1494 786 1536 unum
817 1471 972 1537 omnibus
1003 1467 1061 1535 illa
1086 1489 1231 1551 exstant,
1261 1471 1328 1537 sed

246 1590 344 1655 etiam
367 1588 408 1652 ab
437 1585 623 1653 editoribus
649 1585 762 1653 indes
780 1583 912 1652 Merula
925 1563 1055 1653 servati
1067 1605 1144 1653 sunt
1163 1587 1331 1680 usquead

246 1705 486 1782 Camerarium,
513 1704 571 1795 qui
599 1726 657 1769 eos
678 1703 805 1794 primns
832 1701 953 1768 omisit.
985 1703 1060 1784 Quo
1087 1716 1197 1768 tamen
1222 1701 1333 1768 libro-

243 1844 326 1885 rum.
357 1841 523 1885 consensu
554 1816 693 1884 multum
721 1817 815 1883 abest
850 1834 888 1882 ut
920 1814 1026 1882 ullum
1061 1815 1331 1884 Hermannisnae

244 1935 364 2000 rationi
390 1932 598 2025 praesidium
620 1950 768 2024 paretur.
792 1931 876 1998 Nam
900 1933 1046 2022 primum
1071 1956 1141 1998 uon
1166 1950 1215 1999 est
1238 1931 1327 1999 obli·

244 2048 448 2128 viscendum,
474 2073 542 2116 non
564 2046 702 2114 delendi
727 2048 768 2113 ab
805 2047 1010 2126 Hermanno,
1037 2045 1152 2139 quales
1178 2049 1212 2113 in
1230 2046 1327 2114 libris

244 2165 371 2233 versus
394 2181 537 2244 exstant,
580 2162 644 2231 sed
678 2161 794 2256 quales
830 2187 889 2230 suo
921 2164 1056 2253 ingenio
1090 2164 1327 2250 conformarit3

245 2280 372 2349 deinde
400 2278 641 2372 reputandum,
668 2304 767 2371 quam
792 2280 834 2344 sit
855 2278 1017 2356 violenta,
1040 2281 1067 2345 si
1092 2305 1206 2347 rernm
1231 2280 1329 2347 volu·

244 2421 317 2464 mus
340 2396 444 2472 lateri,
470 2397 543 2487 ipsa
568 2393 624 2460 illu
649 2395 796 2472 mutatio,
822 2419 888 2485 qua
912 2398 945 2460 si
967 2419 1032 2484 ego
1056 2394 1118 2460 abs
1142 2412 1175 2461 te
1199 2419 1327 2486 ugrum

245 2517 433 2604 acceperim
454 2511 622 2578 substituit
644 2533 706 2601 pro
731 2510 800 2576 his:
825 2512 857 2574 si
880 2513 955 2576 sine
979 2509 1060 2576 dote
1076 2511 1225 2578 disseris.
1253 2512 1329 2579 Nee

245 2628 315 2695 ullo
341 2645 439 2721 pecto
464 2627 550 2694 baec
585 2625 722 2718 quidem
761 2625 899 2693 offensio
932 2625 1099 2693 credenda
1131 2646 1181 2694 est
1211 2653 1249 2693 ea
1275 2631 1329 2697 vis

246 2743 339 2824 tolli,
373 2766 473 2836 quam
500 2741 748 2809 Lindemannus
774 2743 855 2807 iniit.
907 2742 970 2825 Qui
1004 2768 1079 2808 cum
1104 2744 1138 2809 in
1163 2768 1245 2811 uno
1271 2745 1329 2810 Li-

245 2861 370 2954 psiensi
397 2855 554 2941 codice')
578 2881 645 2924 non
671 2855 768 2936 illud,
794 2855 887 2948 quod
912 2857 1012 2924 modo
1036 2857 1242 2939 dicebamus,
1265 2859 1329 2926 sed

246 2976 313 3043 hoo
338 2976 448 3066 potius
481 2951 702 3065 repperisset:
739 2976 771 3037 si
803 2997 877 3038 cum
907 2972 988 3038 dote
1013 2972 1193 3050 duxerint,
1231 2974 1266 3040 id
1293 2996 1330 3043 ut

245 3090 431 3157 sententiae
462 3088 807 3154 convenientissimum
832 3088 991 3155 ambabus
1024 3091 1174 3155 manibus
1201 3088 1330 3182 ample·

247 3231 310 3273 xus
335 3208 369 3270 in
397 3203 578 3271 editionem
604 3228 696 3270 suam
714 3227 946 3295 praepropere
966 3207 1122 3297 suscepit
1157 3206 1326 3273 Probare-

245 3346 317 3389 mus
336 3322 482 3399 sortasse,
500 3319 563 3383 nisi
584 3317 882 3410 exploratissimum
900 3320 1099 3386 haberemus
1120 3321 1190 3388 eius
1204 3346 1327 3389 reeen-

246 3438 357 3515 sionis,
381 3460 480 3528 quam
498 3435 678 3525 Lipsiensis
704 3432 791 3499 liber
815 3434 960 3514 exhibet,
984 3453 1153 3512 auctorem
1167 3435 1234 3504 alio
1251 3437 1328 3505 fon-

246 3571 291 3631 te,
316 3550 381 3616 nisi
395 3549 566 3618 Decurtati
581 3549 789 3616 Vrsinianive
809 3549 933 3617 codicis
951 3550 1118 3619 simillimo
1134 3551 1204 3639 (vel
1216 3554 1328 3645 potius

246 3690 385 3760 prorsus
410 3661 509 3756 pari),
531 3660 623 3729 nullo
649 3687 744 3729 usum
768 3690 859 3732 esse:
887 3692 905 3732 e
931 3690 999 3758 quo
1023 3668 1238 3760 consequitur
1266 3667 1331 3736 soli

248 3784 317 3850 eius
339 3781 548 3847 coniecturae
575 3781 789 3846 mutationem
808 3780 900 3846 illam
918 3779 1047 3848 deberi.
1080 3784 1122 3849 Et
1141 3783 1232 3875 quali
1253 3787 1330 3877 qni-

249 3896 329 3965 dem
355 3895 594 3963 coniecturae?
653 3897 746 3978 Quae
774 3921 837 3962 nec
859 3924 876 3962 a
900 3895 1088 3964 litterarum
1112 3897 1331 3969 similitudine

250 4014 430 4106 quicquam
462 4008 706 4103 probabilitatis
736 4011 873 4089 babeat,
910 4037 974 4077 nee
999 4038 1071 4079 eam
1097 4015 1202 4106 ipsum
1229 4041 1333 4108 quam

248 4130 450 4220 requirimus
472 4129 666 4193 sententiam
684 4144 818 4219 aequet
845 4129 929 4194 Nam
946 4152 1014 4195 nou
1032 4126 1116 4196 illud
1136 4132 1247 4221 potius
1266 4133 1334 4199 sibi

251 4243 462 4311 inhonestum
480 4267 552 4309 esse
571 4242 653 4310 dicit'
664 4240 840 4336 Lysiteles,
850 4268 987 4310 uxorem
1000 4242 1125 4312 ducere
1145 4271 1221 4312 eum
1238 4248 1336 4330 dote,

251 4382 350 4450 quam
376 4358 460 4438 hoe,
496 4381 634 4424 uxorem
660 4360 704 4422 ita
730 4356 856 4424 ducere
883 4375 919 4424 ut
948 4380 1085 4452 accepta
1107 4360 1185 4429 dote
1208 4363 1334 4431 iniuria

312 4628 339 4696 0)
356 4621 419 4675 nam
437 4639 452 4674 ι
468 4623 625 4692 reliquorum
649 4625 767 4679 codicum
782 4630 906 4680 nemoris
927 4642 962 4681 ns
981 4631 1103 4698 princeps
1126 4630 1230 4699 quidem
1251 4632 1337 4688 editio

352 4718 404 4771 uisi
421 4733 455 4772 eo
474 4718 620 4790 discrepet,
635 4721 705 4790 quod
725 4721 825 4779 duem
842 4725 949 4792 praebet
967 4740 1014 4794 pro
1033 4727 1145 4780 duania
