2820 5332
659 555 672 586 Χ

241 699 315 770 370
633 719 678 773 vn
704 717 747 762 ne
774 716 949 761 veressus

239 891 358 959 Celsus
383 922 430 940 ··
456 906 606 957 statuam
626 889 816 984 publicitus.
842 889 915 959 Sed
937 905 972 956 ct
996 889 1140 962 Plautus
1155 923 1206 940 ·-
1230 896 1325 987 acci-

233 1011 322 1099 piar.
374 1008 446 1075 Nec
468 1027 578 1075 tamen
600 1005 731 1088 celabo,
758 1032 875 1100 perum
898 1030 1033 1074 omnem
1059 1004 1151 1074 illum
1177 1003 1221 1073 do
1244 1031 1325 1100 pcr-

233 1120 304 1190 tlito
336 1122 443 1189 Stichi
472 1147 572 1190 versu
607 1125 829 1192 coniecturum
861 1120 998 1215 placere
1034 1122 1206 1215 magisque
1238 1145 1323 1216 prc-

231 1237 379 1305 bcbilem
401 1263 475 1305 mee
500 1239 661 1305 sententis
689 1238 774 1306 hanc
800 1262 873 1306 esse
896 1262 1087 1331 quanquam
1107 1239 1221 1329 specie
1249 1239 1322 1305 vio-

230 1350 410 1420 lentiorem
424 1352 628 1419 emendandi
641 1355 735 1433 vium,
763 1371 798 1421 ut
823 1354 871 1420 sic
898 1352 1038 1420 disiecta
1060 1354 1212 1421 membre
1236 1353 1321 1422 red-

230 1469 453 1561 integrentur:
480 1465 679 1537 Publicitus.
713 1470 862 1538 Titinim
888 1473 925 1534 in
946 1467 1090 1536 Setina:
1116 1466 1233 1536 Stutui
1244 1485 1322 1535 sta·

230 1600 325 1651 tuam
337 1582 528 1675 publicitus.
546 1585 729 1651 Terentius
741 1608 873 1678 quoque
887 1587 925 1650 in
937 1580 1165 1652 Phormione:
1189 1584 1320 1651 Nonne

230 1699 295 1766 hoc
317 1698 507 1790 publicitus.
535 1698 605 1769 Vbi
617 1699 745 1780 Celsus,
768 1698 949 1791 publicitus
974 1715 1008 1764 et
1025 1698 1176 1776 claritas,
1194 1702 1319 1791 inquit,

231 1811 457 1909 [antiqui]
485 1813 619 1890 dicunt,
644 1840 708 1881 nos
729 1813 861 1908 publice
887 1815 1044 1909 clareque
1069 1814 1220 1881 dicimus.
1247 1813 1320 1882 Sed

230 1947 265 1997 et
288 1932 433 1996 Plautus
458 1934 495 1996 in
519 1928 766 1999 Bacchidibus:
787 1966 843 1996 -.
869 1930 969 1999 Idem
991 1935 1028 1996 in>
1048 1929 1316 2022 Amphitruone:

229 2083 277 2094 -
299 2045 480 2137 publicitus
505 2045 651 2138 hospitio
678 2051 836 2138 accipiar.
862 2043 1007 2115 Plautus
1032 2050 1069 2112 in
1096 2045 1232 2112 cadem:
1253 2043 1314 2114 An

219 2164 321 2247 soris
343 2159 505 2227 censebas
537 2160 635 2226 nobis
653 2160 834 2253 publicitus
857 2160 1068 2250 praeberier.
1117 2161 1191 2228 Hoc
1226 2163 1316 2227 enim

226 2275 368 2344 alterum
395 2277 428 2340 in
454 2277 698 2369 Amphitruone
721 2276 913 2369 exemplum
939 2294 1044 2344 exstat
1063 2277 1121 2356 IV,
1132 2279 1165 2357 9,
1175 2281 1207 2356 7,
1223 2277 1316 2369 prius

226 2389 313 2458 illud
339 2391 363 2469 l,
394 2396 423 2468 1,
448 2391 481 2458 8.
531 2393 580 2457 Ae
607 2390 756 2483 proclive
784 2410 833 2458 cst
859 2389 1056 2485 intelligere,
1083 2390 1253 2484 quomodo
1275 2417 1317 2459 ex

227 2508 380 2598 ascriptis
415 2508 448 2571 in
481 2508 629 2598 margine
665 2507 828 2600 exemplis
860 2509 978 2574 turbae
1009 2508 1090 2575 istae
1120 2525 1211 2575 ortae
1241 2509 1316 2575 sint.

228 2621 328 2707 Quod
354 2621 474 2687 addidi
498 2626 646 2715 antiqui,
683 2623 748 2690 seci
776 2642 967 2715 comparato
994 2624 1147 2691 Charisia
1173 2651 1205 2715 p.
1234 2623 1315 2701 190,

132 2770 134 2775 ’
231 2736 291 2806 16:
319 2762 400 2804 nam
425 2742 475 2802 ita
499 2735 668 2803 Arruntius
696 2739 825 2814 Genus,
846 2756 880 2804 et
905 2738 1020 2804 addit:
1058 2742 1193 2833 antiqui
1224 2743 1315 2804 enim

227 2852 391 2919 dicebant
416 2852 540 2918 ardere
562 2877 627 2944 pro
653 2878 781 2919 amare.
809 2856 937 2937 Quibus
965 2857 1009 2920 ita
1037 2857 1091 2936 uti,
1119 2874 1155 2921 ut
1176 2853 1218 2920 de
1242 2880 1318 2922 uer-

230 2968 282 3037 bis
303 2974 426 3061 priscis
448 2969 581 3036 Celsum
609 2971 781 3062 scripsisse
805 2968 948 3062 colliget,
969 2972 997 3036 is
1022 2970 1153 3062 poterit,
1181 2970 1240 3063 qui
1265 2971 1318 3037 iu-

230 3102 297 3153 stos
324 3085 579 3150 commentarios
603 3085 823 3150 Terentianos
850 3086 891 3151 eb
917 3083 976 3150 illo
1002 3083 1318 3153 abiudicatum-eut.

229 3231 274 3247 —
300 3200 459 3266 Ceterum
484 3198 565 3263 nihil
593 3200 738 3290 profecit
761 3200 802 3266 ‹le
830 3201 971 3266 Charisii
1005 3200 1116 3266 verbis
1146 3198 1317 3293 disputans

231 3315 384 3382 Oscnuus
411 3313 507 3382 Auel.
535 3315 606 3382 crit
633 3341 665 3406 p.
696 3315 781 3384 193:
820 3341 883 3383 nce
915 3315 990 3407 plus
1017 3340 1166 3407 nuperus
1200 3315 1318 3384 editor.

732 3544 763 3630 5.
791 3544 824 3615 6.

332 3678 475 3768 Propter
507 3675 656 3740 eiusdem
685 3677 810 3742 Osanni
847 3678 1010 3770 quaedam
1037 3679 1137 3744 verba
1165 3694 1321 3767 tanquam

232 3793 444 3884 praeteriens
470 3789 559 3857 addo
587 3795 663 3858 Ate
675 3794 715 3856 iu
728 3818 759 3856 m
790 3795 1059 3885 Capitonem,
1084 3792 1208 3859 clarum
1228 3792 1321 3856 iure-

237 3905 432 3985 consultum,
460 3909 511 3977 cui
539 3911 597 3974 etsi
624 3908 680 3973 illc
707 3910 808 3974 iustos
833 3912 867 3974 in
890 3908 1041 3975 Plautum
1068 3908 1321 3975 commentarios

236 4048 305 4091 non
332 4025 455 4102 tribuit,
483 4042 590 4089 tumen
618 4049 685 4089 non
711 4027 813 4116 magis
842 4045 876 4091 ut
893 4044 973 4118 puto
990 4025 1212 4118 probabiliter
1226 4020 1321 4088 Anat.

237 4165 278 4232 pt
298 4137 345 4206 66
373 4138 456 4204 haee
479 4141 607 4230 posuit:
633 4138 771 4205 Ateium
798 4140 1012 4230 Capitonem,
1034 4163 1132 4232 quem
1155 4143 1191 4202 iu
1206 4137 1325 4203 Plauti

238 4253 431 4320 comoedias
456 4271 718 4321 commentatum
743 4279 815 4319 csse
837 4255 904 4321 dito
932 4272 1105 4321 testantur
1122 4251 1233 4322 Plinii
1246 4253 1323 4319 loca

236 4371 283 4439 Η.
309 4372 351 4436 Ν.
374 4371 478 4446 XIV,
493 4376 532 4437 15
559 4388 593 4435 et
617 4372 767 4445 XVIII,
791 4377 842 4442 28.
895 4372 1041 4438 Pliniana
1068 4368 1205 4464 quidem
1232 4371 1325 4435 testi-

238 4487 346 4551 monia
378 4487 462 4552 haec
492 4504 586 4567 sunt,
624 4487 721 4565 XIV,
746 4489 766 4575 5
792 4490 839 4558 92
866 4485 951 4554 Silt:
1001 4490 1208 4555 Lautissima
1232 4483 1326 4577 apud

233 4604 364 4694 priscos
391 4606 470 4666 uina
494 4619 595 4668 crant
616 4603 776 4691 myrrhae
801 4601 907 4669 odore
934 4603 1089 4681 condita,
1115 4619 1152 4668 ut
1178 4617 1323 4693 apparet

236 4719 273 4802 in
294 4711 414 4786 Plauti
424 4716 556 4804 sabula
581 4742 668 4812 quac
692 4715 802 4787 Persa
828 4719 1039 4798 inscribitur,
1064 4743 1260 4815 quanquam
1285 4722 1324 4784 in
