2820 5332
825 78 828 85 s
948 63 1067 246 Ι

239 707 262 778 6
459 733 479 775 t.
506 734 548 776 ns
576 728 693 776 rervm
724 732 1080 781 noersauonuusvs-¹

240 909 339 972 iuxta.
362 908 488 998 posita,
533 904 592 972 sed
630 924 701 972 aut
725 903 872 973 Plautus
897 906 1062 975 Sassiuas
1085 924 1167 974 aut
1191 904 1337 977 Plausus

238 1016 380 1087 Asinius
418 1023 454 1087 iu
491 1020 628 1115 singulis
664 1021 759 1087 libris
786 1033 861 1087 mss.
886 1040 986 1112 poeta
1012 1021 1213 1115 appelletur.
1266 1024 1335 1090 ite..

242 1133 469 1202 sordebuntur
496 1135 633 1203 fortasse
660 1135 750 1202 illius
777 1135 1021 1219 similitudinis,
1059 1162 1158 1229 quam
1186 1139 1336 1206 interce.

241 1250 323 1317 (lere
347 1253 438 1317 inter
464 1242 608 1331 ἀλώπηξ
635 1270 668 1317 et
691 1252 805 1318 Fuchs
829 1275 933 1319 voces
960 1251 1096 1344 quidem
1134 1252 1249 1319 docuit
1273 1279 1335 1341 pe-

239 1383 328 1433 trum
353 1368 525 1445 memoria,
553 1368 667 1458 quiin
694 1367 784 1432 hunc
811 1366 947 1433 modum
974 1385 1105 1433 nosmet
1132 1368 1335 1438 ratiocinans

240 1498 291 1549 tes
318 1480 503 1547 audierint:
533 1508 552 1548 e
579 1481 773 1549 Sarsinatis
797 1483 919 1548 sactum
946 1506 1019 1547 esse
1042 1477 1237 1561 Aniensis,
1266 1483 1334 1550 hoe
1400 1501 1402 1506 '

187 1627 191 1633 ·
234 1597 286 1662 sic
320 1599 483 1690 scriptum
514 1593 631 1663 Arsin.
670 1599 826 1664 transisse
866 1600 901 1661 in
926 1595 1078 1676 Arsin-ii,
1112 1596 1193 1667 inde
1220 1613 1332 1666 eutem

239 1728 349 1778 ortum
371 1711 494 1782 Asinii.
546 1714 589 1778 Et
626 1730 736 1778 tamen
768 1713 889 1781 borum
916 1712 999 1780 nihil
1027 1730 1097 1792 est,
1136 1711 1229 1805 quod
1261 1736 1331 1778 noo

237 1841 293 1891 eut
318 1824 538 1893 demonstrari
564 1829 670 1918 possit
711 1845 766 1893 aut
790 1849 929 1918 prorsus
956 1826 1121 1892 credibile
1147 1829 1190 1896 sit
1213 1849 1330 1894 revera

236 1940 409 2015 eccidisse.
471 1940 582 2024 Quid?
616 1940 709 2032 quod
744 1966 763 2007 r
796 1941 908 2008 littere
943 1967 983 2007 ex
1014 1940 1075 2008 illo
1106 1943 1241 2010 nomine
1263 1942 1329 2005 iam
1385 1997 1388 2001 .

236 2072 386 2122 veterum
413 2056 655 2123 consuetudine
692 2082 760 2123 non
786 2057 912 2136 semel,
943 2055 1004 2123 sed
1037 2057 1170 2148 saepius
1204 2056 1332 2128 cessit?

238 2169 309 2238 Nec
345 2174 435 2237 enim
469 2175 505 2237 io
530 2170 702 2263 lapidibus
728 2190 853 2237 tantum
881 2169 1035 2263 exempla
1062 2172 1192 2267 aliquot
1216 2172 1332 2238 certiss

236 2284 317 2351 sime
344 2303 456 2352 extant
480 2307 640 2354 sAsan'A
672 2305 704 2353 et
737 2307 970 2359 sAsstnsrss
1002 2287 1205 2377 scripturae,
1244 2309 1331 2376 quae

236 2420 391 2494 congesta
417 2401 523 2467 habes
554 2428 572 2466 a
597 2400 743 2468 Cluvero
766 2400 840 2472 hat
864 2418 929 2465 ant.
958 2401 1008 2479 ΙΙ,
1032 2425 1065 2491 p.
1092 2401 1165 2471 623
1197 2418 1230 2465 et
1253 2400 1330 2469 Nic.

235 2515 372 2583 Heinsio
398 2519 433 2581 iu
459 2515 518 2590 Sit.
545 2516 616 2582 Ital.
641 2516 733 2594 Vlll,
761 2512 850 2583 4632
886 2512 947 2580 scd
975 2512 1040 2607 ipsi
1067 2513 1149 2582 Silio
1178 2540 1217 2580 ex
1241 2515 1330 2604 opti-

234 2631 294 2695 mis
319 2630 491 2698 codicibus
517 2635 704 2697 restitutum
729 2649 777 2696 est
800 2630 961 2706 Sassina,
1001 2654 1065 2720 pro
1096 2653 1166 2722 ¹quo
1201 2634 1330 2698 susten

231 2745 418 2812 Puteaneus
444 2749 592 2840 praebet.
633 2744 829 2836 Eademque
857 2746 961 2810 forma
988 2745 1109 2809 eodem
1138 2743 1197 2810 illo
1224 2745 1329 2809 Hein-

232 2860 282 2926 sio
308 2854 445 2944 auctore
471 2888 488 2928 e
515 2887 592 2931 mss.
617 2859 713 2927 libris
750 2861 847 2926 etiam
872 2857 1017 2924 Martiali
1053 2876 1107 2925 ter
1132 2877 1182 2924 est
1206 2861 1329 2950 partim

231 2972 432 3041 vindicanda
457 2978 581 3065 partim
604 2974 799 3044 reddenda:
826 2976 883 3054 ΙΙΙ,
907 2977 963 3053 58,
991 2975 1051 3042 35.
1075 2974 1133 3054 ΙΧ,
1162 2974 1218 3049 59,
1244 2971 1268 3046 4
1295 2991 1329 3041 ct

232 3083 258 3166 1,
285 3081 342 3165 43,
370 3091 402 3166 7,
429 3112 572 3179 quorum
596 3113 749 3154 versuum
776 3107 948 3180 postremo
974 3114 1038 3181 pro
1066 3113 1106 3154 eo
1134 3087 1227 3181 quod
1252 3087 1327 3152 vul-2

176 3268 182 3279 ⁸
231 3218 327 3291 gesur
340 3201 473 3293 fiscina
509 3203 559 3268 vel
583 3207 733 3290 fuscina
754 3204 898 3295 optimus
926 3205 1108 3270 Tlsuaneus
1136 3201 1330 3295 suppeditat

233 3318 261 3388 S
271 3323 420 3389 asina.
479 3320 651 3410 Denique
675 3318 795 3384 eodem
830 3337 983 3409 spectare
1022 3336 1165 3412 apparet
1195 3316 1326 3385 codicis

233 3434 419 3501 Charisiani
443 3460 477 3526 p.
507 3438 576 3502 tta
603 3436 637 3498 P.
667 3434 864 3524 scripturam
892 3433 1062 3513 Sasinnna,
1088 3436 1122 3498 in
1144 3432 1326 3500 Sarsinuns

231 3567 387 3614 mutatam
424 3549 466 3613 eb
495 3548 697 3614 editoribus:
739 3550 806 3614 sive
842 3548 1021 3619 Sasstnam
1059 3575 1077 3615 a
1109 3549 1325 3640 grammatico

229 3663 416 3754 proiectum
448 3681 497 3729 est
530 3665 597 3729 sive
626 3664 723 3728 etiam
751 3662 929 3730 Sassinum
955 3665 1061 3729 sor-me
1087 3665 1201 3729 extitit
1226 3720 1229 3725 .
1254 3661 1324 3728 Sed

229 3797 266 3845 ut
289 3777 332 3843 ad
357 3778 527 3844 Plautinos
553 3777 658 3844 libros
685 3795 900 3856 revertemur,
928 3779 1057 3845 abiecta
1083 3803 1100 3846 s
1122 3777 1233 3848 littera
1253 3775 1323 3844 An

227 3897 351 3957 sinatis
378 3916 452 3958 cum
476 3893 556 3958 alibi
584 3888 746 3983 scriptum
768 3911 817 3959 est
835 3909 904 3958 tum
920 3895 955 3957 in
970 3893 1199 3960 fichaticani
1213 3890 1321 3985 3304,

228 4009 286 4074 obi
312 4008 457 4100 primum
485 4032 524 4072 es
552 4009 760 4098 Hieronymo
789 4024 946 4098 excerpta
973 4026 1057 4087 sunt,
1085 4031 1226 4099 quorum
1256 4007 1324 4072 ltoo

229 4141 278 4188 est
301 4123 442 4187 initium:
481 4119 625 4189 Plautus
652 4146 700 4186 esr-
720 4120 864 4189 Vmbria
888 4119 1036 4188 Assincss
1061 4122 1192 4189 Romae
1217 4124 1321 4185 mosi-

228 4250 296 4308 tur,
323 4235 483 4328 deinceps
509 4255 618 4304 autem
640 4235 775 4302 aliunde
798 4235 861 4301 alie
884 4234 1055 4303 adduntur
1070 4234 1239 4302 simillimo
1258 4237 1322 4299 ini-

227 4349 288 4414 tio:
315 4345 460 4416 Plautus
485 4376 530 4418 ex
544 4353 583 4421 V
578 4351 687 4434 nitria
703 4350 867 4418 Sas'sinas
893 4376 920 4418 e.
944 4377 976 4442 q.
1003 4377 1027 4417 s.
1056 4352 1195 4419 Gravius
1223 4351 1322 4419 etiam

225 4479 291 4540 est,
327 4464 421 4554 quod
456 4468 491 4530 in
530 4469 600 4557 ipsa
637 4465 845 4533 Mostellaria
871 4467 934 4544 ΙΙΙ,
967 4469 1004 4544 2,
1032 4466 1079 4534 83
1115 4487 1322 4536 aestuaris

227 4597 394 4644 exaratum
429 4579 553 4672 legitur
588 4583 623 4645 in
662 4572 885 4648 vetustissimo
911 4581 1028 4649 codice
1054 4581 1212 4649 deleticio
1240 4583 1322 4644 Am-

226 4694 393 4763 brosiano.
433 4696 608 4763 Postremo
634 4723 675 4764 ue
701 4696 786 4765 illud
814 4696 962 4793 quidem,
989 4698 1083 4793 quod
1108 4702 1228 4769 omissa
1254 4718 1320 4766 ter-
