2820 5332
466 650 627 693 retusum
657 649 848 691 sciremus.
1120 626 1191 696 557

113 816 299 909 procedere
325 842 420 908 nego.
464 818 506 882 Et
531 816 702 908 displicuit
725 815 859 881 illorum
882 817 1013 898 medius
1041 847 1193 888 versuum

113 934 174 996 inm
210 934 395 1010 (honesto,
431 931 516 996 odeo
556 949 591 996 ut
620 931 845 996 inducendum
886 931 1018 1001 diceret
1047 938 1080 1001 in
1104 939 1194 1003 Diar.

114 1047 265 1113 scholast.
290 1074 316 1112 a.
347 1048 439 1116 1829
467 1050 553 1136 p.31
584 1067 692 1113 eutrot.
746 1048 818 1129 Quo
845 1067 971 1114 serrato
1000 1055 1111 1143 negari
1136 1077 1196 1118 ne-

115 1165 186 1254 quit
212 1162 307 1228 valde
334 1162 542 1238 claudicare,
579 1189 664 1254 quae
700 1161 804 1228 laxius
838 1189 915 1228 sane
947 1184 978 1229 et
1008 1164 1195 1256 languidius

115 1280 335 1343 subiiciuutur
369 1269 578 1375 Quanquam*
601 1277 735 1342 labores
763 1304 791 1343 e.
818 1304 850 1370 q.
878 1304 924 1345 s.:
949 1306 1034 1371 quae
1061 1306 1129 1347 non
1156 1306 1195 1347 ex

114 1392 173 1461 illo
200 1395 311 1485 potius
343 1419 438 1458 versu
462 1420 559 1486 quam
590 1419 608 1458 e
638 1395 866 1485 superioribus
894 1395 1059 1461 nectenda
1094 1414 1195 1462 erunt.

115 1509 223 1575 Multo
258 1511 353 1573 etiarn
388 1510 515 1600 aegrius
549 1509 613 1573 hoc
646 1510 740 1583 sero,
776 1507 868 1600 quod
901 1511 1017 1601 primis
1047 1512 1196 1578 versibus

115 1623 245 1690 dnobus
271 1648 333 1689 nec
360 1622 440 1689 dnus
465 1625 644 1689 sententias
667 1626 849 1689 enuntiatas
875 1625 988 1704 video,
1011 1650 1073 1692 nec
1099 1629 1195 1693 unius

49 1740 53 1746 ’
118 1741 195 1804 bina
227 1740 393 1814 membre,
424 1738 481 1804 sed
519 1738 660 1804 eandem
696 1738 927 1804 molestissime
959 1742 1011 1806 bis
1038 1743 1195 1832 positam:

116 1853 249 1944 eluendo
277 1873 353 1944 post
378 1859 503 1918 amicus
518 1853 646 1943 firmus
671 1858 799 1918 restitit
823 1853 906 1918 nihil
934 1856 1083 1947 prolecto
1117 1857 1197 1922 novi

117 1969 245 2034 accedit
269 1971 320 2034 his
346 1969 502 2036 adiectis:
529 1994 637 2060 neque
655 1969 840 2034 demutavit
870 1968 913 2034 de
934 1968 1038 2061 firma
1052 1971 1196 2062 fide.-

119 2088 166 2149 Ex
193 2086 253 2162 his,
281 2110 368 2176 quae
385 2087 530 2152 breviter
548 2086 738 2176 significavi,
764 2084 1012 2177 propemodum
1025 2087 1090 2152 ium
1112 2113 1192 2154 eon-

117 2203 252 2266 sectnria
282 2220 341 2280 est,
370 2227 469 2293 quam
493 2199 669 2265 ineundam
687 2218 853 2292 putemus,
881 2201 1082 2267 emendandi
1104 2206 1195 2271 ratio.

118 2318 248 2380 Etenim
278 2322 351 2382 cum
376 2318 417 2380 int
433 2318 560 2382 Vetere
597 2315 713 2382 codice
747 2317 799 2382 sic
821 2319 938 2408 scripti
965 2318 1096 2384 Stasimi
1123 2345 1197 2385 ver-

117 2458 169 2496 sus
197 2450 339 2497 exstent:

222 2549 291 2611 Hic
317 2571 389 2610 meo
416 2570 476 2611 ero
502 2550 611 2610 amico
636 2547 727 2610 solus
737 2545 866 2638 firmus
892 2551 1018 2612 restitit

215 2665 332 2752 Neque
355 2662 541 2726 demutavit
564 2666 712 2726 animum
738 2661 781 2726 de
804 2661 910 2751 firma
926 2661 1000 2750 fide

220 2779 423 2869 Quanquam
449 2777 583 2842 ltsbores
609 2777 731 2842 multos

219 2891 290 2958 Sed
313 2893 369 2956 hic
391 2917 477 2956 urtus
503 2909 540 2956 ut
566 2917 630 2983 ego
654 2896 807 2983 suspicor
831 2906 947 2956 serrat
962 2889 1074 2982 fldem

221 3006 273 3074 Ob
299 3032 369 3073 rem
394 3006 511 3074 labore
537 3032 644 3072 meum
670 3033 734 3098 ego
762 3011 888 3098 cepisse
915 3031 1046 3073 censeo.
1097 3009 1197 3098 Lysi-

706 3122 799 3188 telis:

120 3259 261 3333 apparet
289 3265 362 3303 cnm
397 3264 545 3317 versum,
582 3239 638 3330 qui
671 3264 737 3331 qno
766 3241 891 3330 positos
927 3257 975 3304 est
1007 3237 1082 3304 loeo
1118 3239 1198 3304 ferri

117 3381 254 3448 prorsus
278 3371 429 3445 nequent,
460 3353 580 3418 eodem
605 3357 676 3418 iure
702 3378 763 3420 nec
788 3352 973 3419 ullomodo
992 3353 1114 3420 maiore
1141 3379 1198 3421 co·

116 3493 192 3536 natu
219 3489 297 3564 post
321 3496 393 3534 eum
424 3473 480 3560 qui
509 3471 744 3562 consequitur,
778 3494 874 3562 quam
903 3495 975 3535 eum
1004 3471 1197 3539 Hermanno

119 3608 194 3653 ante
220 3613 293 3651 eom
322 3585 377 3677 qui
404 3583 576 3676 praecedit
603 3583 769 3651 collocari.
807 3586 833 3650 E
858 3610 923 3676 qua
945 3586 1072 3651 ratione
1096 3583 1196 3676 longe

117 3702 247 3768 diversa
274 3705 320 3767 ris
346 3702 528 3766 sententiae
557 3701 636 3767 lteec
662 3718 735 3791 apta
758 3718 817 3778 cst,
846 3719 879 3764 ut
903 3700 1106 3791 Qtrcnquam
1122 3724 1197 3764 curn

117 3843 174 3881 suo
204 3819 370 3883 enuntiato
394 3816 434 3883 ad
463 3815 569 3882 solum
589 3815 772 3883 secundum
797 3840 925 3879 versum
943 3818 1115 3905 pertinent,
1141 3814 1193 3880 lric

115 3952 222 3998 mrtem
261 3932 418 3997 molestae
455 3949 488 3997 et
521 3930 646 3995 inutilis
680 3931 888 4020 repetitionis
926 3930 1049 3995 crimen
1090 3929 1193 4019 ipsius

117 4048 277 4114 enuntiati
304 4046 391 4111 illius
412 4048 603 4114 accessione
625 4044 763 4133 effugiet,
789 4044 836 4108 sic
859 4043 1012 4135 quidem:
1038 4045 1193 4109 Hiemeo

117 4189 175 4228 ero
203 4167 328 4226 amicus
351 4162 441 4226 solus
455 4160 585 4253 firmus
612 4162 757 4232 restitit,
792 4183 833 4223 ac
857 4183 902 4223 ne
927 4158 1099 4224 laboribus
1123 4164 1198 4253 qui-

118 4279 194 4343 dem
219 4281 376 4350 summis,
408 4300 492 4369 quos
525 4281 559 4341 ei
580 4275 667 4340 illius
693 4297 814 4337 caussa
835 4272 1054 4340 sustinendos
1076 4278 1196 4362 fuisse

116 4417 257 4475 censeo,
297 4406 333 4455 ut
363 4394 513 4455 animum
546 4389 589 4455 de
607 4389 710 4477 firma
735 4387 808 4478 fide
841 4388 1033 4456 derautcret
1067 4396 1197 4459 moveri

112 4513 235 4602 potuit.
288 4506 414 4590 Quibus
448 4531 537 4573 nnnc
574 4505 705 4570 (lentum
735 4505 971 4596 percommode
999 4524 1196 4573 controver-

117 4652 171 4693 sus
198 4650 311 4691 versus
333 4621 389 4687 illc
416 4623 583 4690 succedit:
610 4619 681 4689 Sed
705 4621 759 4688 lu'c
785 4645 897 4712 unus,
928 4639 964 4689 ut
998 4647 1062 4715 ego
1087 4626 1197 4715 suspi·
1255 4698 1256 4701 Ἴ
