2820 5332
216 667 290 741 410
622 683 679 725 vn.
702 681 743 724 on
770 680 884 723 rasari

218 862 347 930 nebus:
384 878 491 949 aquo
517 877 585 919 non
615 850 756 918 multum
782 848 903 927 differt,
936 844 1029 940 quod
1054 845 1202 913 Meursio
1230 843 1308 939 pla-

221 976 288 1045 cuit
313 992 346 1040 ct
370 975 488 1050 Pareo,
511 966 717 1058 Megobuzo.
768 968 911 1031 Tantum
946 979 1055 1030 autem
1081 979 1239 1055 apparet,
1278 964 1309 1028 si

221 1087 302 1184 quid
336 1084 528 1153 mutandum
564 1086 626 1162 sit,
663 1107 731 1149 non
765 1106 838 1148 esse
862 1077 1054 1170 Megabyzt'
1078 1077 1310 1158 scribendum,
1350 1111 1353 1117 ’

221 1204 282 1273 sed
305 1200 537 1294 Megalobyzi.
576 1200 702 1292 Versui
728 1198 816 1264 enim
842 1221 916 1264 cum
941 1212 1110 1262 metueret
1132 1195 1310 1262 Hemster-

220 1321 334 1387 husius
368 1335 401 1384 et
434 1315 476 1384 ad
510 1316 608 1382 metri
641 1313 730 1407 leges
755 1314 863 1405 aptius
892 1309 1101 1404 respondere
1126 1311 1211 1377 banc
1238 1308 1311 1377 for-

221 1458 307 1503 mam
336 1448 503 1500 censeret:

345 1544 391 1617 N.
421 1547 489 1635 Qui
510 1548 586 1610 istic
611 1542 805 1610 Theotimus
830 1542 905 1609 est?
932 1542 968 1609 C.
995 1539 1174 1633 Megabali
1186 1539 1309 1633 filias:

222 1687 293 1732 non
322 1660 475 1755 cogitavit
505 1657 548 1725 de
581 1657 750 1725 lenissimo
775 1657 930 1738 artificio,
965 1681 1032 1751 quo
1063 1655 1117 1725 vel
1151 1679 1309 1724 caesurae

224 1779 347 1847 rectius
374 1773 577 1844 consulitur:

348 1893 392 1959 N.
425 1892 494 1982 Qui
518 1894 595 1956 istic
620 1888 852 1957 Jlteotimust?
878 1889 915 1957 C.
937 1886 1163 1980 Megalobyzi
1181 1887 1284 1976 filius.

224 2011 310 2078 Nam
336 2031 419 2100 quos
445 2004 570 2098 reliqui
584 1999 829 2096 Μεγαβάζους,
857 2003 993 2072 eosdem
1007 2007 1080 2098 ipse
1098 2005 1218 2074 Strabo
1233 2003 1312 2072 Ms-

223 2116 445 2216 γαλοβύζους
469 2122 603 2188 nomine
631 2121 775 2187 vocavit:
804 2122 860 2187 ubi
884 2145 955 2188 non
980 2140 1060 2201 erat,
1078 2147 1137 2188 cur
1155 2120 1239 2187 illud
1254 2146 1310 2188 re-

225 2242 307 2334 poni
334 2240 459 2306 Coraes
485 2231 664 2324 Σημειώσ.
700 2262 731 2328 p.
760 2238 831 2308 ‘289
857 2239 997 2308 iuberet.
1043 2236 1227 2305 Fatendum
1251 2264 1311 2304 au·

228 2372 297 2423 tem
329 2370 417 2422 certe
456 2353 520 2420 hoc
552 2371 618 2430 est,
651 2375 718 2417 raon
752 2351 841 2420 solos
875 2351 982 2420 Plauti
1013 2353 1118 2422 libros
1143 2351 1308 2422 Palatinos
1395 2436 1400 2448 ⁴

151 2525 155 2552 ,·
229 2494 303 2539 cum
338 2471 373 2535 in
410 2467 481 2535 aliis
519 2466 655 2535 Graecis
686 2486 754 2534 tum
785 2471 819 2534 in
837 2494 882 2559 y,
904 2494 925 2534 z
951 2468 1067 2536 litteris
1092 2492 1221 2538 errasse
1242 2467 1311 2536 fre-

227 2585 455 2680 quentissime.
503 2584 552 2650 Ac
588 2581 631 2648 de
652 2609 684 2672 y
709 2583 818 2651 littera
845 2609 920 2650 cum
945 2587 997 2652 vix
1023 2609 1106 2678 opus
1133 2586 1174 2653 sit
1198 2608 1312 2652 exem-

229 2702 310 2796 plis:
348 2719 506 2767 testantur
532 2700 619 2765 enim
645 2699 710 2765 hoc
737 2699 929 2776 Cbrirnlm,
968 2700 1073 2769 Lidus
1108 2702 1241 2769 nomina
1277 2701 1313 2764 in

231 2815 463 2897 Bacchidibus,
488 2812 692 2908 Argirippus
717 2819 752 2882 in
779 2819 936 2896 Asinaria,
958 2816 1113 2909 Aegiptti
1133 2833 1202 2880 tum
1231 2815 1312 2880 alibi

233 2953 303 3002 tum
327 2935 430 3002 Poen.
452 2933 493 3012 V,
520 2938 553 3014 5,
583 2936 637 3010 12,
662 2933 785 3000 sterilis
811 2933 867 3001 vel
890 2935 1010 3000 xtttilis
1034 2935 1070 3000 in
1090 2931 1208 3001 Pseud.
1235 2930 1268 3011 1,'
1277 2935 1312 3012 2,

234 3051 295 3121 76:
322 3070 460 3121 zonam,
487 3048 544 3139 qui
569 3047 733 3114 Palatinos
758 3050 975 3140 scripserunt,
1004 3067 1179 3116 exararunt
1192 3070 1315 3112 sonam

233 3167 339 3251 Mero.
364 3165 406 3244 V,
431 3164 464 3240 2,
489 3160 547 3239 84,
574 3163 630 3227 ubi
655 3187 772 3228 sertam
797 3165 997 3256 Lipsiensis;
1032 3166 1089 3256 qui
1112 3181 1221 3231 autem
1245 3165 1314 3229 Dc-

236 3296 408 3358 curtatum,
435 3277 515 3344 ibid.
534 3278 592 3357 III,
609 3274 642 3357 4,
658 3278 706 3349 62
721 3280 939 3370 Zacynthum
962 3280 1094 3372 scripsit
1116 3279 1316 3370 aeingtltum

235 3397 415 3488 praemissa
439 3395 596 3487 singulari
620 3414 696 3460 nota
722 3395 876 3488 quadam,
903 3422 989 3488 quae
1014 3421 1079 3461 nec
1099 3395 1231 3463 litterae
1264 3393 1316 3459 ul-

237 3510 299 3577 lius
323 3528 454 3577 estnec
482 3511 522 3574 ab
549 3511 785 3578 haesitabundo
808 3512 945 3579 librario
972 3515 1044 3605 ipso
1068 3511 1123 3579 vel
1150 3510 1315 3578 intellecta

237 3626 290 3694 vel
316 3645 405 3693 certo
429 3623 566 3691 consilio
594 3627 711 3716 posita.
735 3629 781 3694 Ita
808 3627 898 3721 apud
925 3626 1164 3712 Quintilianum
1187 3628 1221 3691 in
1241 3630 1318 3719 qui-

236 3742 378 3810 busdam
409 3739 503 3807 libris
536 3741 759 3832 mcgobuxum
796 3761 918 3827 exstat,
957 3744 1167 3836 negabusum
1196 3746 1232 3808 in
1265 3743 1317 3809 etl.

238 3861 347 3954 princ.
397 3856 484 3925 Nolo
513 3859 600 3924 enim
628 3859 836 3952 corruptelae
864 3860 989 3927 sontem
1017 3862 1057 3926 ab
1083 3863 1187 3954 ipsius
1214 3876 1319 3926 aetate

239 3976 346 4044 Plauti
370 3994 545 4066 repetere,
578 4001 677 4070 quem
702 4001 779 4042 sane
805 3977 980 4069 probabile
1006 3995 1056 4043 cst
1086 3979 1220 4044 omnino
1253 3999 1320 4042 non

241 4117 335 4159 usum
361 4117 433 4159 esse
460 4091 526 4159 illis
550 4091 676 4158 duabus
703 4092 829 4172 litteris,
857 4118 1002 4184 quaene
1029 4094 1154 4159 Ennius
1182 4090 1320 4184 quidem

136 4234 140 4241 ·
243 4225 277 4274 et
299 4208 406 4274 Attius
432 4227 640 4300 usurparunt,
666 4209 692 4274 si
715 4233 793 4274 vera
814 4206 1024 4274 tradiderunt
1049 4211 1169 4276 Cicero
1201 4226 1235 4273 et
1250 4209 1324 4274 Ma-

171 4390 176 4401 „
243 4323 311 4389 rins
337 4324 529 4390 Victorinus
552 4321 641 4416 apud
667 4321 911 4391 Schneidernm
930 4323 1078 4392 Gramm.
1098 4322 1151 4390 lat
1178 4323 1275 4389 clem.
1298 4323 1325 4405 1,

245 4464 278 4531 p.
305 4438 387 4526 tto
431 4438 507 4507 coll.
538 4466 571 4531 p.
606 4441 662 4510 39.
715 4438 776 4515 Vt,
815 4440 841 4505 si
867 4463 934 4505 non
960 4443 1065 4532 ipsam
1091 4439 1199 4519 illam,
1239 4465 1325 4530 quae

245 4557 350 4622 Pareo
378 4557 504 4636 arrisit,
534 4553 767 4647 Megalobusi,
801 4571 894 4621 certe
922 4580 989 4622 non
1015 4554 1109 4624 valde
1132 4554 1328 4624 dissimilem

247 4667 386 4738 sormam
408 4671 541 4740 Plautus
569 4698 719 4759 exarasse
746 4673 818 4764 ipsc
844 4671 1004 4741 videatur.

729 4798 752 4847 Ι,-
