2820 5332
241 643 314 714 402
658 666 713 712 su.
737 664 779 709 nn
798 663 920 709 aaavra

241 859 334 910 certe
365 842 401 906 in
424 841 588 930 impresso
615 835 722 904 Plauti
754 835 906 929 exemplo
931 833 1104 928 epistulam
1127 836 1330 930 significari:

240 977 277 1025 ut
305 981 373 1024 non
398 955 441 1020 sit
464 955 595 1031 mirum,
621 977 684 1018 nec
709 953 743 1019 in
768 955 859 1020 Petri
883 952 1001 1017 Bembi
1028 953 1332 1044 scriptisNiebnir-
1379 965 1384 974 '

129 1060 133 1070 ¹
240 1074 344 1151 rium,
377 1094 443 1136 nce
468 1067 591 1135 alicubi
616 1067 671 1134 vei
696 1094 750 1135 me
777 1068 828 1134 vel
853 1068 1108 1135 versatissimum
1133 1071 1169 1134 in
1195 1068 1330 1136 Italica-

239 1213 313 1253 rum
336 1185 521 1251 litterarum
548 1183 683 1250 historia
708 1183 863 1276 Tlreoph.
890 1179 1193 1250 Friedlaendernm
1220 1186 1329 1251 Bero-

238 1300 413 1380 linensem,
446 1299 504 1391 qui
529 1322 603 1364 mea
629 1322 741 1365 caussa
767 1297 858 1364 iiiam
882 1301 917 1364 in
941 1318 1013 1366 rem
1039 1299 1219 1392 inquisivit,
1253 1302 1327 1366 eius

238 1415 289 1482 vel
304 1417 487 1481 minimum
511 1415 686 1508 vestigium
710 1413 896 1508 indagasse.
948 1415 1181 1483 Constantinus
1211 1433 1325 1481 antem

107 1544 129 1564 ⁸
237 1532 386 1598 Lascaris
417 1531 490 1621 (qui
515 1528 652 1620 quidem
677 1531 818 1597 Liscaris
844 1553 913 1596 nan
938 1531 1158 1598 Taubmnnno
1183 1548 1322 1612 tautum,

236 1646 297 1714 sed
323 1645 488 1713 hodierno
514 1645 642 1732 homini
666 1645 784 1712 Bothio
810 1641 947 1730 dicitur)
961 1670 1020 1712 cnr
1033 1670 1102 1713 non
1121 1647 1221 1740 magis
1239 1638 1322 1739 pos'-

235 1763 278 1828 sit
302 1786 400 1854 quam
427 1764 583 1828 Petrarca
610 1776 724 1828 unctor
749 1762 822 1852 ipse
849 1761 969 1828 haberi
992 1785 1117 1842 eorum,
1144 1786 1231 1857 quae
1250 1788 1267 1828 a
1283 1787 1321 1830 se

235 1875 366 1944 detecta
394 1894 444 1942 est
468 1875 656 1968 professus,
687 1878 840 1968 apposite
875 1877 1080 1944 Niebuhrius
1110 1903 1144 1971 p.
1173 1881 1239 1948 171
1268 1903 1318 1974 sq.
1393 1911 1395 1915 ⁷

236 1990 424 2085 disputavit.
477 1992 556 2076 Quis
583 2009 693 2059 autem
716 1992 817 2059 fuerit
841 2010 967 2074 auctor,
987 1996 1048 2061 etsi
1069 2016 1137 2061 non
1152 2018 1201 2076 ea,
1220 2019 1320 2089 quam

235 2111 290 2177 hic
316 2095 574 2177 commendabat
596 2109 646 2174 via
667 2109 822 2200 repperi:
846 2133 910 2175 uec
929 2110 1018 2175 enim
1031 2133 1156 2201 operae
1175 2111 1320 2202 pretinm

235 2224 341 2292 videri
367 2224 476 2316 patuit
500 2223 535 2287 iu
560 2221 717 2289 Italorum
745 2221 832 2288 iilius
859 2222 1257 2317 saeculiphilologornm
1276 2225 1322 2291 si·

234 2337 305 2405 mul
332 2356 366 2434 ct
390 2353 564 2431 poetarum
590 2337 770 2404 lectionem
801 2362 854 2403 me
879 2339 1069 2419 insinuare,
1101 2363 1142 2404 ex
1177 2339 1321 2432 ipsaque

234 2476 388 2521 versuum
414 2450 529 2520 indole
556 2453 781 2520 coniecturam
804 2454 940 2544 capere:
966 2470 1075 2522 nmen
1090 2453 1180 2521 hand
1205 2453 1320 2549 paullo

239 2587 275 2634 ut
299 2585 381 2659 puto
407 2569 548 2635 certiore
573 2567 735 2634 afferendi
762 2570 943 2636 testimonii
968 2587 1051 2635 utar.
1100 2571 1211 2664 Atque
1237 2595 1322 2662 ape-

237 2686 304 2750 ruit
329 2685 395 2749 iam
422 2702 496 2750 ante
521 2708 669 2751 cccxxxv
694 2706 797 2750 annos
824 2683 929 2750 Plauti
965 2686 1132 2778 interpres
1158 2687 1204 2754 Io.
1229 2688 1323 2779 Bapt.

237 2801 331 2880 Pius,
367 2797 434 2865 illis
469 2825 554 2893 quae
589 2801 608 2888 S
635 2803 657 2865 2
688 2801 875 2891 posteriore
904 2799 981 2868 loco
1015 2802 1183 2893 posuimus
1209 2803 1321 2869 verbis

236 2919 319 2983 haec
346 2902 566 2982 continuans:
611 2916 910 3002 Circumferuntnr
948 2922 1108 3009 integrae
1141 2914 1322 2983 bacchides

239 3031 446 3097 carnainibns
470 3030 598 3097 additis
622 3056 645 3095 a
666 3032 906 3122 panormitita:
931 3055 1018 3125 qatne
1044 3056 1114 3098 non
1132 3031 1323 3098 adstituere

241 3153 345 3215 viatim
371 3173 443 3214 cnm
468 3148 594 3239 absque
617 3152 852 3213 controversia
876 3144 1041 3215 Plautina
1065 3148 1238 3240 dignitate
1265 3172 1323 3214 ca-

241 3281 351 3330 reant.
405 3263 500 3354 Quid
524 3289 596 3329 cnm
620 3261 772 3328 leonibus
796 3263 906 3352 vitlpes
931 3265 1098 3356 iungam?
1145 3264 1324 3333 Sincerum

242 3403 396 3471 cuperem
422 3403 481 3444 vas
505 3384 707 3446 incrustare.
759 3379 970 3446 Manifestum
1002 3399 1050 3447 est
1072 3381 1253 3446 Antonium
1282 3379 1325 3444 il-
1390 3371 1404 3401 ⁴

241 3496 309 3560 inm
334 3493 568 3560 Beccadeilum
593 3495 785 3587 significari,
818 3474 875 3586 qui
900 3496 1122 3564 Panormitam
1157 3520 1192 3561 se
1215 3493 1326 3561 vocari

243 3637 261 3676 a
287 3610 391 3703 patria
417 3608 542 3689 malui-t,
568 3610 758 3675 academiae
782 3609 1029 3702 Neapolitanae,
1057 3611 1109 3678 cui
1131 3627 1245 3703 postea
1271 3609 1328 3674 Io·

216 3705 217 3708 ¹
243 3726 356 3792 vianus
389 3728 555 3792 Pantanus
584 3726 742 3817 praefuit,
770 3726 850 3791 socii
883 3743 993 3792 autem
1024 3727 1161 3820 ascripti
1191 3742 1327 3818 praeter
1384 3771 1386 3775 <

245 3839 325 3907 aiios
351 3862 369 3906 a
397 3841 674 3932 praestantissimo
713 3841 897 3908 Tirabosco
934 3832 1209 3908 commemoratos
1241 3840 1327 3908 Hist.

245 3955 343 4022 litter.
378 3955 448 4023 Itai.
485 3955 562 4022 Vol.
588 3956 654 4033 VI,
680 3975 767 4048 part.
795 3957 827 4033 Ι,
853 3981 886 4047 p.
915 3957 984 4027 105
1010 3981 1058 4048 sq.
1097 3954 1169 4042 (lib.
1195 3955 1229 4035 I,
1257 3956 1329 4024 c.3

244 4071 262 4156 S
291 4070 354 4156 27)
389 4073 583 4138 Laurentius
617 4069 713 4137 Velia
752 4087 783 4136 et
821 4071 918 4139 Ianus
952 4073 1142 4138 Parrhasius
1182 4068 1329 4150 fuerunt,

245 4186 464 4265 conditorem,
493 4188 695 4252 carissimum
714 4183 889 4277 Alphonsu
915 4187 1005 4279 regi:
1031 4185 1073 4252 de
1099 4185 1191 4251 cuius
1213 4185 1278 4250 rita
1297 4200 1332 4247 et

245 4301 376 4392 scriptis
399 4300 491 4367 idem
507 4302 708 4367 Tirahosens
735 4298 864 4365 erudite
892 4303 1046 4393 exposuit
1065 4297 1144 4367 Vol.
1158 4299 1215 4376 VI,
1242 4314 1329 4389 part.

244 4414 287 4492 ii,
308 4436 341 4507 p.
369 4415 438 4485 687
464 4439 537 4508 sqq.
567 4414 637 4499 (lib.
653 4415 712 4494 ΙΙΙ,
741 4438 767 4479 c.
794 4419 824 4492 i,
850 4417 868 4490 §
894 4413 951 4486 57.
978 4413 1049 4500 58.)
1081 4414 1244 4506 Apprime
1271 4437 1329 4476 au-

245 4547 312 4594 tem
339 4527 404 4595 huc
431 4531 593 4610 convenit,
616 4528 708 4622 quod
735 4527 777 4594 de
807 4529 978 4595 coPaulus
995 4530 1179 4608 Cortesins,
1204 4552 1330 4618 aequa-

238 4644 278 4710 lis
305 4648 536 4726 Panormitae,
566 4644 725 4712 iudicium
751 4644 851 4725 iecit,
886 4670 929 4711 ex
951 4645 1040 4712 libro
1068 4644 1112 4712 de
1137 4641 1327 4712 huminibus
