2820 5332
387 702 415 741 v.
439 702 480 743 or
509 670 613 744 ierac
641 699 806 742 ratarum
835 695 998 741 rencone.
1044 717 1046 721 -
1163 672 1233 744 351

158 873 259 939 havit:
296 871 331 937 id
363 872 454 964 quod
493 873 535 940 de
569 877 608 958 Q.
636 873 740 941 Fabio
766 873 923 938 Labeone
955 873 1065 938 Livius
1091 871 1242 965 prodidit

159 989 333 1064 XXXVll,
352 986 398 1057 60
417 1007 450 1054 et
461 990 654 1069 XXXVIII,
671 987 728 1057 47.
755 985 894 1054 Accedit
913 986 1095 1079 quodcum
1117 987 1243 1080 aliquot
1263 998 1267 1007 '

161 1123 236 1171 ante
258 1104 352 1168 anuis
369 1105 408 1185 Q.
418 1102 694 1170 Minuciusllusus
710 1120 742 1168 et
754 1105 789 1166 P.
801 1099 978 1168 Cornelius
989 1100 1103 1192 Scipio
1115 1095 1243 1179 Nasica,

161 1237 228 1286 turn
245 1216 357 1311 paullo
378 1236 453 1309 post
468 1222 515 1284 M.
532 1216 666 1284 Fulvius
680 1214 834 1282 Nobilior
855 1233 887 1280 et
910 1217 971 1282 Cn.
987 1214 1129 1281 Manlius
1140 1215 1243 1284 Vulso

161 1336 327 1402 nonsatis
353 1333 446 1427 digni
472 1311 631 1425 triumphi
666 1333 795 1398 honore
830 1332 933 1398 habiti
968 1350 1044 1397 sunt
1076 1350 1174 1425 atque
1207 1357 1246 1399 ex

163 1467 259 1544 parte
287 1473 354 1516 nou
381 1452 453 1516 sinc
476 1451 639 1517 acerrima
665 1447 878 1516 contentione
909 1447 1246 1540 pervicacissimaque

166 1565 431 1633 adversariorum
458 1567 677 1658 repugnantia
716 1560 759 1628 ad
784 1560 877 1628 illum
905 1579 1127 1629 accesserunt
1178 1564 1249 1629 De-

165 1679 245 1746 inde
271 1699 404 1759 autem,
435 1698 470 1746 ut
497 1679 795 1771 a'trinmpborum
821 1674 865 1742 ad
889 1677 1135 1769 magistratuum
1161 1679 1250 1769 peti·

167 1797 292 1879 tionem
320 1797 504 1862 orationem
530 1812 711 1860 vertamus:
747 1793 808 1859 etsi
840 1789 882 1857 de
916 1793 1041 1857 ambitu
1065 1790 1155 1885 leges
1181 1819 1252 1859 ma-

167 1913 287 1997 ximam
316 1929 446 2002 partem
470 1911 656 2002 posteriore
692 1927 798 1975 aetate
831 1906 913 1973 latae
940 1926 1030 1988 sunt,
1071 1926 1178 1975 tamen
1211 1935 1253 1976 ne

169 2046 295 2092 sextum
321 2025 458 2119 quidem
485 2028 526 2091 ab
547 2026 586 2093 V.
602 2027 643 2093 C.
669 2025 837 2092 saeculum
864 2024 947 2090 nihil
974 2023 1136 2092 eiusmodi
1163 2026 1253 2093 vidit

169 2142 252 2207 Nam
279 2166 352 2207 cum
378 2158 455 2233 post
479 2141 666 2215 Poetelium
692 2138 792 2220 illam,
820 2139 943 2232 alequa
967 2138 1025 2205 lib.
1042 2141 1118 2220 Vll,
1137 2143 1181 2209 15
1199 2142 1254 2207 Li-

130 2304 134 2312 ,
171 2257 240 2323 vius
268 2257 390 2337 refert,
416 2282 481 2349 per
509 2258 660 2350 quintum
687 2253 859 2321 saeculum
885 2238 1050 2346 integrum
1075 2256 1255 2321 maiorem-

171 2398 236 2464 que
259 2391 389 2464 partem
406 2373 490 2438 sexti
515 2370 558 2438 de
574 2372 699 2438 ambitu
718 2388 960 2463 conquerentes
974 2371 1149 2450 Romanos,
1163 2369 1257 2463 quod

173 2487 311 2579 quidem
338 2491 450 2567 sciam,
475 2512 541 2555 non
566 2489 788 2579 reperiamus,
822 2486 988 2579 querendi
1013 2512 1124 2554 caussa
1150 2489 1260 2555 iustis-

173 2605 254 2670 sima
277 2607 411 2670 inventa
436 2620 486 2670 est
509 2627 548 2670 co
575 2606 648 2695 ipso
675 2626 743 2694 quo
765 2601 975 2670 Plautusvita
1002 2601 1149 2670 decessit
1172 2627 1259 2671 anno

177 2717 259 2799 569,
285 2742 353 2811 quo
381 2717 521 2811 quidem
549 2717 591 2784 ad
618 2716 824 2786 consulatum
841 2717 943 2784 effuso
962 2719 1176 2785 ambientium
1192 2736 1261 2784 stu-

178 2833 234 2901 dio
248 2835 436 2927 insignique
449 2835 662 2927 prensatione
676 2851 875 2926 perventum
891 2857 963 2899 esse
977 2833 1088 2901 Livius
1102 2834 1262 2914 XXXIX,

176 2952 222 3019 32¹
251 2967 399 3016 testatur.
451 2952 543 3032 Quae
580 2974 633 3014 res
665 2973 741 3014 eum
766 2967 922 3015 eventum
944 2947 1069 3028 habuit,
1096 2967 1131 3016 ut
1155 2949 1262 3015 tribus

178 3083 256 3157 post
288 3068 381 3132 annis
415 3088 541 3158 reapse
567 3063 712 3157 legem
743 3062 793 3130 de
827 3064 989 3131 ambitu
1024 3065 1060 3129 P.
1084 3063 1261 3132 Cornelius

181 3181 346 3273 Cethegus
381 3183 429 3247 M.
464 3180 603 3246 Baebius
631 3177 827 3272 Tamphilus
866 3180 958 3246 Coss.
995 3204 1036 3246 ex
1069 3181 1262 3263 auctoritate

180 3313 312 3362 senatus
339 3295 382 3360 ad
408 3293 571 3388 populum
597 3294 742 3375 ferrent,
775 3313 811 3362 ut
843 3293 936 3361 idem
969 3297 1079 3362 Livius
1117 3296 1195 3376 XL,
1219 3293 1264 3364 19

180 3411 233 3476 ait.
282 3413 458 3504 Equibus
486 3412 643 3490 efficitur,
684 3434 750 3502 quo
775 3412 915 3502 propius
940 3408 983 3476 ad
1008 3411 1118 3503 ipsum
1142 3413 1265 3478 exitum

183 3526 269 3594 vitae
305 3525 475 3595 Plautinae
510 3527 545 3591 iu
571 3524 763 3592 delinienda
783 3527 971 3592 Trinummi
996 3545 1101 3594 aetate
1125 3552 1268 3622 progre-

184 3640 330 3724 diamur,
370 3667 409 3710 eo
445 3640 708 3709 commodiorem
740 3640 850 3708 locum
886 3641 951 3709 illis
967 3669 1048 3741 'esse
1072 3642 1114 3709 de
1137 3643 1268 3711 invale-

185 3776 297 3823 scente
319 3758 499 3823 ambitione
526 3759 770 3852 gratiarumque
798 3776 890 3849 pestc
915 3761 1131 3851 querimoniis
1144 3757 1186 3842 ¹).
1212 3759 1268 3836 Vt,

188 3872 213 3936 si
241 3897 308 3938 non
336 3870 503 3952 ultimam,
532 3889 565 3937 at
586 3897 628 3938 ex
654 3871 777 3938 ultimis
803 3889 922 3961 poetae
948 3870 1068 3938 sabulis
1091 3896 1166 3939 esse
1190 3871 1269 3936 Tri·

187 4013 356 4052 unmmum
394 3988 587 4054 existimem.
646 3989 719 4069 Quo
751 3989 785 4052 in
821 4011 943 4078 genere
979 3985 1063 4051 illud
1096 3984 1270 4059 valdeest

186 4102 420 4182 memorabile,
453 4103 588 4169 omnino
619 4100 718 4194 louge
744 4102 904 4167 maiorem
929 4121 1059 4193 partem
1083 4100 1270 4169 fabularum

188 4218 424 4297 plautinarum,
452 4244 536 4310 quae
565 4216 702 4309 quidem
729 4217 925 4308 superstites
951 4236 1036 4297 sunt,
1061 4220 1270 4308 provectiore

189 4351 293 4400 aetate
332 4352 430 4426 atque
465 4333 552 4401 adeo
582 4337 834 4424 ingravescente
865 4352 998 4406 senecta
1035 4352 1156 4426 poetae
1188 4338 1271 4403 scri-

205 4564 482 4574 .---—-—----——

250 4699 278 4764 2)
300 4694 395 4744 Confer
413 4692 445 4745 do
465 4694 592 4746 ambitu
611 4711 687 4764 supra
704 4694 832 4764 disputata
849 4712 874 4765 p.
892 4698 952 4750 232.
