2820 5332
453 1759 511 1825 or
537 1760 720 1830 inrisu
746 1762 911 1831 PLAle
936 1758 977 1844 *).

585 1981 804 1993 ··—-————

632 2140 695 2279 ⁶5.
725 2197 753 2259 1.

262 2364 316 2428 De
343 2378 490 2428 aetate
513 2361 656 2427 Plauti
681 2364 742 2429 etsi
762 2363 846 2429 nihil
864 2363 1023 2432 habemus
1042 2363 1248 2432 reconditius
1337 2352 1343 2362 ⁸

161 2473 254 2569 quod
281 2500 525 2567 expromamus,
552 2494 664 2543 tamen
686 2500 754 2543 non
779 2455 898 2543 inutile
924 2477 1033 2556 luerit,
1069 2477 1152 2570 quid
1177 2497 1249 2545 tan-

158 2591 237 2657 dem
264 2589 433 2683 explorari
455 2606 565 2682 quest,
587 2588 701 2681 paullo
729 2589 917 2683 diligentius
944 2615 1044 2682 quam
1068 2591 1179 2658 adhuc
1200 2592 1248 2658 sa·
1325 2662 1327 2666 ,

159 2724 248 2772 ctum
270 2722 324 2771 est
348 2728 522 2796 quaerere.
548 2707 598 2770 Ac
622 2721 792 2771 mortuum
819 2702 955 2796 quidem
981 2702 1076 2770 illum
1093 2708 1128 2771 P.
1148 2703 1248 2773 Clau-

158 2819 214 2886 dio
240 2822 277 2884 L.
303 2819 527 2886 Porcio'Cos.
553 2841 644 2899 esse,
682 2818 810 2885 Catone
837 2842 995 2897 censore,
1028 2817 1061 2882 h.
1088 2843 1119 2884 c.
1147 2820 1175 2883 si
1200 2819 1249 2884 fa-

160 2950 224 2999 stos
252 2932 532 3024 Capitolinos
567 2949 603 2996 ut
630 2934 860 2998 consuevimus
898 2930 1091 3022 sequimur,
1127 2956 1154 2997 u.
1178 2933 1249 3005 569

159 3049 201 3113 V.
228 3049 287 3126 C.,
320 3065 371 3112 sat
405 3064 498 3114 certo
530 3047 705 3113 Ciceronis
736 3046 927 3111 testimonio
951 3063 1078 3113 constat
1102 3048 1192 3112 Brut
1220 3073 1247 3113 c.

160 3161 236 3240 XV,
261 3160 290 3248 §.
316 3162 375 3232 60.
400 3159 522 3252 Neque
544 3161 633 3225 enim
659 3157 712 3226 vel
736 3159 897 3251 tantisper
927 3182 988 3225 nos
1018 3161 1141 3226 morari
1167 3152 1262 3227 Ilie-¹

106 3268 112 3273 ’
159 3271 348 3365 ronymi”)
375 3273 576 3366 negligentia
601 3290 730 3366 potest,
773 3275 865 3339 euius
900 3289 937 3337 ut
961 3270 1017 3337 alii
1043 3275 1175 3339 suntin
1200 3277 1248 3354 iis,
1312 3327 1314 3330 -

163 3389 284 3479 quibus
310 3388 446 3454 Eusebii
473 3412 617 3455 canonas
644 3387 814 3480 supplevit
835 3384 996 3451 laudabili
1010 3385 1161 3466 consilio,
1188 3388 1249 3453 irn-

160 3504 233 3594 pari
260 3527 435 3581 successu,
461 3503 553 3594 iique
581 3503 763 3596 gravissimi
788 3524 940 3580 errores,
966 3501 1010 3567 ita
1032 3525 1102 3568 non
1123 3501 1250 3570 levissi-

160 3641 232 3682 mus
258 3615 314 3682 hic
342 3635 401 3695 est,
423 3617 518 3710 quod
543 3614 744 3709 olympiadis
771 3640 896 3682 cxxxxv
932 3638 1019 3683 anno
1045 3617 1154 3708 primo
1180 3621 1249 3685 sire

161 3755 186 3795 a.
220 3730 291 3798 553
323 3728 377 3797 vel
403 3726 476 3798 554
501 3732 542 3798 V.
568 3731 606 3796 C.
638 3746 780 3796 mortem
813 3728 920 3795 Plauti
954 3731 1119 3821 ascripsit:
1158 3733 1250 3799 cuius
1347 3804 1352 3816 ‚

161 3843 295 3936 quidem
309 3843 512 3912 Pseudolum
539 3862 747 3938 compertum
773 3845 954 3910 habeamus
977 3871 1005 3912 a.
1031 3843 1165 3909 demum
1178 3847 1248 3916 562

160 3959 195 4024 in
220 3983 356 4026 scenam
382 3984 455 4027 esse
485 3961 709 4039 commissam,
735 3957 905 4051 aliquanto
931 3976 1009 4050 post
1033 3958 1151 4036 ctiam,
1187 3961 1251 4027 nisi

161 4070 351 4165 probabilis
375 4097 436 4141 nos
462 4076 652 4143 coniectura
677 4073 770 4153 fallit,
807 4072 992 4141 Bacchides
1007 4069 1080 4155 ***).
1130 4073 1251 4142 Hiero-

158 4243 410 4257 ..ο-ἡ..-

214 4338 244 4406 ’)
262 4336 337 4389 Edita
355 4353 379 4390 e.
397 4355 605 4400 croroccenxxr.

202 4442 243 4506 ”J
264 4439 328 4491 Vide
346 4440 503 4508 Epimetrum
521 4432 542 4493 11

185 4535 240 4600 Μ)
260 4532 299 4586 De
325 4545 434 4603 utraque
463 4536 609 4601 nuperrime
638 4534 749 4586 diximus
774 4533 838 4585 Mus.
869 4531 958 4602 philol.
980 4533 1000 4596 Ι,
1029 4550 1054 4602 p.
1079 4535 1123 4589 31.
1149 4537 1191 4590 67.
1210 4538 1252 4592 60.
1356 4544 1362 4549 ’

268 4620 351 4689 (Diu.
369 4621 427 4690 Ν.)
449 4622 548 4686 Quibus
565 4623 634 4674 eliae
651 4621 709 4673 addi
726 4629 855 4689 poterunt,
873 4621 906 4672 de
924 4621 1017 4689 quibus
1037 4621 1099 4674 iiiut
1118 4624 1178 4692 quid
1189 4638 1254 4678 sen-

266 4708 371 4759 tiremus
394 4708 595 4775 explicavimus:
615 4708 687 4762 velut
705 4709 877 4772 Trinunmus,
897 4707 1000 4761 Casina.
