2820 5332
152 701 225 770 572
472 721 515 764 tx.
564 720 608 762 oe
634 714 920 763 rurearourrroun

250 889 305 960 Ab
329 886 438 956 amieo
461 888 619 956 alicunde
641 881 789 953 mrituum
814 881 997 977 argeutum
1023 911 1153 977 rogem.
1229 888 1235 907 ⁸

177 1009 224 1079 30
246 1029 331 1074 ure.
357 1005 473 1071 Potia'
498 1000 550 1071 ‹ist
573 1002 617 1069 ab
641 1008 749 1069 amieo
776 995 935 1068 alicunde
960 997 1123 1070 exorari?
1151 1022 1231 1069 cau.

739 1132 861 1206 potest.

252 1256 341 1303 uuo.
369 1227 524 1302 Garrod.-
562 1256 606 1298 ne
632 1249 668 1300 tu
694 1230 778 1297 illud
799 1225 934 1298 verbum
958 1247 1113 1297 actutum
1137 1224 1235 1297 invd-

744 1350 857 1413 ruerat

254 1463 323 1533 Pol
344 1456 428 1530 mibi
450 1461 586 1556 quidem
608 1461 722 1528 hercle
747 1457 818 1528 ndu
844 1479 916 1539 est,
940 1462 1033 1556 quod
1054 1461 1130 1528 dem
1156 1455 1231 1528 mri-

740 1595 841 1646 tuum.

211 1732 213 1736 ⁷
257 1716 337 1762 cau.
361 1694 484 1763 Malim
516 1690 630 1761 berula
663 1712 701 1761 ut
736 1720 849 1762 uerum
884 1689 1024 1775 dicuat,
1064 1720 1164 1788 quam
1197 1709 1235 1762 ut

748 1809 832 1876 derat
856 1803 1014 1875 mutuum.

258 1947 347 1992 une.
373 1924 446 1995 Sed
470 1919 547 1993 vide
572 1925 768 2006 consilium,
790 1919 822 1989 si
843 1925 966 2016 placet.

217 2039 399 2109 Videamus
424 2043 523 2135 igitur
548 2065 607 2107 nos
635 2064 786 2134 quoque:
812 2058 847 2105 ut
873 2057 1025 2132 tanquam
1052 2037 1236 2106 corolla-

158 2156 215 2222 rii
238 2152 313 2225 loco
341 2182 398 2224 eos
419 2181 531 2224 versus
559 2175 593 2224 et
618 2155 832 2248 expediamus
856 2173 888 2253 et
913 2154 1146 2248 suppleamus,
1173 2155 1231 2247 qui
1266 2155 1268 2158 ⁴

163 2272 225 2338 etsi
251 2299 326 2340 cum
351 2271 604 2364 interpolatione
635 2269 686 2339 vel
721 2297 801 2338 vana
833 2271 1095 2363 interpolationis
1128 2271 1237 2363 suspi-

163 2389 260 2454 cione
274 2387 365 2454 nulla
391 2389 558 2454 coniuncti
582 2406 667 2466 sunt,
693 2404 803 2454 tamen
831 2406 865 2455 et
887 2387 1045 2454 lacunosa
1068 2405 1100 2453 et
1123 2387 1238 2452 turba-

165 2521 199 2570 to
224 2505 364 2596 pristino
393 2501 512 2570 ordine
537 2503 585 2569 sic
612 2503 800 2595 vulgantur:

189 2621 236 2691 36
256 2621 375 2685 'Homo
402 2616 614 2684 conducatur
639 2620 759 2712 alianis
783 2624 860 2697 iam,
887 2636 1051 2714 quantum
1072 2634 1199 2711 potest,

266 2735 376 2828 Quasi
397 2738 441 2801 sit
463 2739 679 2826 peregrinus.
733 2757 810 2806 aaa.
849 2735 931 2830 quid
963 2739 992 2802 is
1025 2739 1090 2801 soit
1109 2739 1239 2822 jacere

746 2853 889 2942 postea?

262 2984 349 3031 nuc.
375 2963 415 3031 Is
436 2964 536 3031 bomo
561 2983 749 3032 exornetur
771 2967 936 3058 graphice
958 2971 996 3033 iu
1017 2969 1240 3058 peregrinum

755 3080 902 3159 modum,
999 3104 1006 3115 ”

263 3197 398 3287 Ignota
412 3200 551 3284 facies,
573 3199 660 3291 quae
685 3222 757 3264 uon
780 3203 917 3265 visitata
938 3203 996 3273 sit,

194 3307 241 3380 40
264 3310 484 3389 Fabidicum,
510 3314 747 3407 confidentem.
803 3337 878 3382 cAu.
904 3314 987 3407 quid
1007 3331 1077 3378 tum
1099 3312 1245 3404 postea?

266 3450 354 3495 tetta.
385 3431 494 3520 Quasi
517 3429 565 3494 ad
581 3431 831 3498 adulescentem
856 3456 879 3496 a
900 3447 1001 3522 putre
1028 3455 1072 3495 ex
1090 3430 1246 3498 Seleucia

268 3546 397 3613 Veniat
423 3569 451 3608 e.
478 3571 509 3636 q.
537 3570 562 3611 s.

170 3655 384 3723 Incredibilia
410 3655 515 3723 Plauti
540 3657 724 3726 editoribus
746 3659 847 3727 multa
870 3659 1083 3728 aeciderunt:
1111 3656 1171 3724 sed
1196 3656 1249 3722 ni-

170 3772 219 3839 hil
243 3771 471 3838 incredibilius
498 3799 597 3866 quam
622 3773 705 3841 haec
727 3776 875 3867 potuisse
893 3775 1044 3843 delendi.
1077 3773 1160 3839 Nam
1175 3773 1249 3864 pri·

170 3913 280 3968 mum,
320 3889 378 3981 qui
406 3886 539 3957 tandem
565 3887 686 3983 aliquis
708 3909 819 3982 potest
843 3894 885 3958 ita
913 3891 1116 3970 conduci,
1150 3893 1253 3981 attari

83 4056 84 4061 η
171 4008 217 4070 sit
241 4005 471 4097 peregrinus?
520 4005 668 4087 Deinde,
695 4032 815 4073 sanane
840 4011 922 4076 ratio
947 4007 1014 4073 ulla
1033 4006 1120 4073 illius
1142 4021 1255 4098 potest

172 4121 366 4187 nominativi
391 4122 570 4214 excogitari
596 4126 720 4214 ignota
736 4124 879 4210 facies?
929 4124 1069 4201 Tertio,
1104 4144 1250 4213 quonam

144 4292 147 4299 .
174 4235 321 4325 gentium
343 4235 463 4302 referri
485 4241 685 4305 accusativos
701 4238 917 4324 falsidicum,
942 4234 1172 4332 confidentem
1198 4232 1252 4299 di·

175 4349 254 4418 cas?
287 4349 422 4444 quando
457 4352 554 4418 etiam
577 4353 604 4417 si
627 4353 760 4434 abesset
781 4379 895 4420 versus
919 4354 990 4436 39,
1023 4350 1171 4417 inaudito
1198 4347 1251 4416 lo-

177 4463 303 4557 quendi
327 4491 455 4557 genere
471 4465 660 4552 falsidicus
686 4468 928 4562 conficiensque
965 4467 1083 4535 modus
1121 4465 1253 4532 dicere-

175 4597 240 4649 tur.
298 4581 363 4647 Vix
396 4580 464 4648 vidi
492 4583 700 4650 taetrioribus
735 4586 818 4652 vitiis
852 4605 1034 4653 scatentem
1059 4582 1253 4651 orationem.

176 4694 294 4789 Itaque
312 4714 447 4789 receptu
462 4695 617 4765 Saraceni
639 4699 867 4768 emendatione
884 4706 1008 4793 ignota
1017 4703 1129 4789 facie,
1153 4720 1255 4792 qnam
