2820 5332
455 738 553 786 inme
580 735 708 781 tertre
736 741 852 784 etun
1150 720 1198 791 52

102 911 145 978 lis
176 914 276 1006 igitur
309 930 501 1003 temporum
531 913 616 978 ratio
653 928 786 1003 oportet
815 916 905 983 inter
934 917 1086 983 Plautum
1109 918 1199 984 Nee-

105 1030 266 1119 rinmqne
294 1047 328 1095 et
341 1027 517 1118 Scipiones
543 1025 618 1093 iilos
644 1028 885 1108 intercesserit,
912 1054 995 1123 qnos
1012 1029 1199 1122 aiibi-qno-

107 1168 176 1234 que
204 1144 411 1211 consociatos
437 1141 641 1233 reperimus,
666 1160 703 1207 ut
730 1145 802 1212 Cet.
828 1147 902 1213 mai.
930 1146 987 1225 IX,
1016 1145 1073 1214 29.
1099 1148 1200 1210 Pare-

107 1256 186 1325 dox.
213 1258 238 1335 1,
266 1263 300 1334 2,
330 1262 387 1327 12.
413 1279 476 1347 pro
503 1256 605 1322 Corn.
631 1256 735 1324 Balbo
762 1260 834 1338 XV,
861 1258 909 1329 34
938 1259 1198 1328 cotteanum.

106 1374 183 1449 XX,
211 1374 267 1439 75·
317 1370 404 1437 Sunt
427 1345 608 1434 euteniilii
634 1373 696 1437 Cn.
724 1373 902 1439 Cornelius
933 1375 1048 1466 Scipio
1075 1371 1200 1441 Calvus

104 1506 139 1555 et
164 1489 198 1551 P.
228 1483 405 1553 Cornelius
430 1486 465 1549 P.
493 1483 646 1549 Cornelii
661 1486 810 1553 Africani
833 1491 966 1555 maioris
994 1508 1200 1581 pnte1·,qno-

105 1599 276 1668 rnntiile
311 1599 353 1664 od
385 1598 591 1665 consulatum
624 1604 765 1668 occessit
797 1630 827 1668 a.
855 1605 946 1684 532,
980 1604 1035 1669 hic
1061 1629 1090 1671 ιι.
1114 1603 1201 1677 536.

106 1719 200 1800 Quos
227 1740 302 1782 eum
325 1716 436 1781 Livius
458 1715 566 1793 XXV,
598 1713 656 1783 34.
682 1716 732 1784 36
755 1744 820 1785 une
846 1720 957 1786 obisse
981 1721 1017 1784 in
1042 1718 1203 1812 Hispania

38 1894 42 1901 .
106 1858 138 1897 a.
166 1827 234 1901 stt
265 1830 405 1922 prodat,
438 1850 579 1922 apparet
610 1855 691 1898 sone
727 1834 963 1927 aliquanto
995 1835 1125 1926 prius
1157 1833 1201 1902 de

107 1950 284 2017 Ciceronis
309 1950 474 2015 sententia
499 1948 627 2015 snhnlas
654 1953 829 2045 scripsisse
856 1952 1017 2032 Plautum,
1046 1958 1203 2044 praeser-

107 2067 167 2130 tim
192 2088 269 2132 cum
292 2064 418 2130 Naevio
444 2062 500 2130 hic
529 2066 753 2134 coniunctum.
806 2069 851 2132 Vt
886 2092 995 2160 prope
1034 2062 1150 2132 obesse
1181 2092 1202 2133 ιι

104 2179 244 2245 veritate
268 2176 458 2258 videamur,
492 2180 519 2243 si
552 2180 640 2246 circa
670 2206 793 2249 annum
826 2184 898 2252 530
930 2182 1025 2249 ἱΙΙιιιιι
1048 2182 1201 2247 statueri-

108 2319 182 2360 mus
208 2296 244 2360 in
269 2293 445 2385 publicum
472 2297 617 2386 primum
644 2296 811 2388 prodisse.
851 2300 936 2364 Nam
960 2300 1031 2377 etsi,
1054 2314 1090 2362 ut
1108 2296 1204 2388 prin-

107 2409 303 2502 cipes-illos
327 2408 498 2497 laederet,
532 2412 766 2478 brevissimum
792 2437 888 2494 sane,
923 2437 991 2506 qno
1018 2438 1083 2478 una
1110 2413 1204 2477 vixe-

103 2525 190 2602 rint,
229 2524 396 2616 temporis
429 2527 572 2616 spatium
606 2524 739 2608 sufficit,
777 2543 889 2593 tamen
932 2553 1001 2594 non
1037 2525 1203 2593 sufficiunt

105 2640 204 2731 pauci
227 2640 316 2719 anni,
342 2658 379 2705 nt
403 2664 472 2705 non
497 2638 631 2706 laesisse
656 2660 759 2735 etque
785 2642 872 2710 adeo
898 2642 1045 2710 noluisse
1065 2639 1200 2706 laedere

106 2755 252 2845 scriptor
276 2752 379 2820 fidem
404 2752 510 2821 societ
552 2757 660 2838 Quem
687 2758 746 2849 qui
768 2776 865 2850 putes
890 2757 943 2825 vel
969 2758 1137 2846 ambiguo,
1156 2778 1200 2819 ne

106 2866 216 2935 dicem
241 2867 354 2936 alieno
381 2868 536 2962 exemplo
562 2872 596 2935 in
623 2894 665 2938 eo
691 2896 818 2963 genere
844 2896 957 2950 nsum,
990 2872 1025 2934 in
1056 2890 1125 2962 quo
1151 2883 1201 2934 tot

106 3000 198 3050 certo
223 3002 358 3075 praesto
384 2984 520 3051 essent?

607 3172 637 3261 5.
663 3171 698 3241 5.

203 3317 281 3385 Non
302 3318 381 3385 setis
406 3336 457 3386 est
479 3321 581 3413 igitur
600 3318 720 3413 quod,
756 3320 815 3411 qui
840 3316 885 3384 de
913 3316 1080 3383 editarum
1104 3316 1202 3383 sahu-

106 3432 212 3499 larum
249 3435 460 3526 temporibus
492 3436 704 3503 commentati
738 3453 833 3511 sunt,
865 3434 930 3497 iam
956 3433 1045 3498 cirea
1071 3458 1098 3497 a.
1126 3432 1198 3501 537

111 3551 240 3641 poesim
274 3551 462 3617 exercuisse
488 3550 640 3616 Plautum
674 3546 943 3617 contenderunt:
980 3548 1035 3616 eui
1067 3544 1206 3640 quidem

107 3666 250 3757 tempori
278 3690 406 3748 eornm,
433 3690 520 3757 quse
541 3664 645 3731 hodie
672 3666 871 3757 superstites
896 3681 983 3743 sunt,
1010 3665 1202 3756 antiquissi-

105 3805 173 3845 mas
199 3780 392 3846 tribuerunt
416 3805 493 3847 cum
518 3779 821 3850 Windischmanno
847 3805 881 3870 p.
909 3780 977 3848 120
1003 3779 1203 3844 Petersenns

106 3919 139 3985 p.
166 3895 238 3966 617
280 3912 314 3963 et
348 3893 521 3967 Naudetus
558 3895 593 3960 in
623 3896 762 3965 Diurnis
801 3891 1020 3960 Eruditorum
1044 3892 1202 3958 Parisinis

108 4033 137 4074 a.
168 4011 264 4080 1838
289 4034 332 4077 m.
359 4009 421 4079 Iul.
447 4008 582 4102 111122,
608 4009 819 4103 quantumvis
847 4027 882 4075 et
907 4009 949 4075 eb
975 4006 1034 4074 illo
1062 4023 1095 4073 et
1118 4008 1206 4072 inter

109 4140 215 4190 semet
239 4124 305 4216 ipsi
332 4123 377 4190 de
400 4123 587 4192 fabularum
616 4125 737 4191 ordine
767 4124 1013 4216 discrepantes.
1066 4121 1132 4203 Qui
1154 4118 1206 4186 lo-

106 4261 163 4303 cus
200 4226 373 4309 universus
407 4237 504 4309 latius
542 4256 649 4333 patet,
685 4264 784 4332 qnam
826 4263 924 4330 quern
962 4234 1063 4301 liceat
1096 4231 1141 4311 ὡς
1166 4234 1204 4300 ἐν

54 4400 57 4406 -
104 4340 253 4446 παρόδῳ
271 4355 512 4448 perstringere.
554 4355 621 4423 Sed
645 4354 839 4451 iargianrur,
866 4350 959 4444 qnod
979 4348 1118 4442 quidem
1134 4372 1205 4415 non

105 4464 344 4549 concedimus,
379 4471 467 4539 eirea
499 4496 527 4535 a.
553 4472 624 4542 537
648 4469 784 4536 demum
812 4464 856 4534 ad
882 4463 1050 4533 iaciendas
1076 4461 1205 4530 sabulos

101 4600 239 4675 poetam
272 4609 345 4652 seso
383 4584 590 4683 applicasse:
635 4585 679 4652 ita
715 4586 777 4651 etsi
811 4583 922 4677 potuit
955 4605 1034 4647 sane
1073 4605 1100 4645 a.
1135 4578 1207 4649 556

15 4684 18 4689 ⁴
103 4696 230 4765 multas
270 4700 339 4773 iem
373 4699 529 4771 docunse
562 4698 630 4769 diei
666 4727 684 4769 o
718 4700 905 4779 Cicerone,
946 4715 1057 4767 temen
1086 4718 1131 4760 ne
1158 4692 1206 4759 sie
