2820 5332
411 664 660 707 uosrsuuaman
689 664 882 709 ruxvrmxn.
1105 639 1172 711 491

251 855 311 902 ΤΗ.
338 834 418 900 Non
444 859 509 924 ego
531 838 618 901 istuc
642 859 737 910 euro,
762 840 900 928 quirit,
924 835 1014 902 unde
1037 841 1105 902 sit:

136 952 204 1017 100
256 948 303 1014 ld
325 948 398 1014 volo
423 949 506 1014 milii
525 948 595 1015 diei
606 1000 614 1028 ‚
639 948 676 1015 id
700 973 752 1013 me
778 953 865 1014 scire
893 967 1025 1041 expeto.
1123 977 1126 981 ·

254 1060 353 1130 Adeo
379 1068 483 1129 etiam
506 1069 647 1154 argenti
661 1069 797 1151 foenus
824 1065 989 1130 creditum
1013 1065 1126 1130 aridio.

111 1176 317 1268 Intelligisue
343 1177 426 1269 quid
451 1180 502 1259 sit,
529 1178 621 1271 quod
646 1181 710 1246 sibi
736 1178 1054 1273 dieiTheuropides
1080 1179 1180 1246 veliti

110 1292 201 1383 quod
228 1319 264 1359 se
291 1296 377 1360 seire
405 1296 557 1386 expetat?
607 1296 683 1361 Non
705 1295 820 1362 hercle
847 1321 906 1388 ego
933 1295 1078 1388 quidem.
1111 1296 1182 1362 Neo

109 1408 262 1498 prolecto
299 1435 335 1476 se
371 1408 472 1502 digne
505 1409 675 1501 Acidalius
703 1414 750 1477 sic
781 1409 937 1503 distingui
973 1434 1071 1502 posse
1104 1410 1185 1476 iecit

110 1523 334 1615 potiusquam
359 1526 520 1591 coniecit:
548 1549 619 1591 non
634 1551 699 1615 ego
717 1530 803 1591 istuc
820 1550 914 1601 euro,
933 1529 991 1617 qui
1005 1529 1067 1609 sit3
1093 1523 1184 1589 unde

109 1644 173 1720 sit,
200 1638 237 1705 id
263 1640 336 1704 volo
362 1639 444 1704 milti
467 1639 546 1706 dici.
594 1641 695 1705 Num
720 1665 783 1707 nee
807 1639 876 1707 ullo
902 1640 1002 1708 modo
1027 1642 1185 1708 attinebat

110 1753 203 1819 illum
227 1756 324 1835 seire,
351 1753 440 1820 uude
462 1773 549 1821 esset
568 1754 705 1835 danista,
726 1781 789 1822 nee
806 1755 991 1846 respondet
1007 1756 1063 1822 tali
1085 1782 1186 1850 quae-

113 1871 212 1937 stioni
234 1896 357 1937 servus.
417 1870 551 1937 Vellem
577 1871 763 1963 templana
790 1875 898 1938 omnia
924 1890 1052 1951 esseut,
1088 1897 1187 1965 quam

115 1985 181 2052 hoe
208 2004 280 2065 est,
312 1984 404 2078 quod
437 2013 511 2054 cum
543 2013 573 2052 v.
603 1985 672 2056 190
700 1987 931 2081 coniungenda
954 2016 980 2055 v.
1008 1985 1056 2057 94
1087 1989 1189 2056 verbu

115 2100 359 2168 contendimus:
402 2101 504 2191 Quod
536 2102 621 2168 illud
653 2120 836 2194 argentum
872 2121 934 2174 est.
984 2106 1096 2197 Atque
1119 2105 1185 2172 hoo

115 2217 197 2285 vidit
223 2220 321 2284 etiam
345 2218 491 2284 Bothius.
555 2216 625 2285 Sed
660 2218 840 2285 videndum
866 2219 942 2312 plus
969 2238 1047 2286 erat
1112 2221 1186 2303 Quo

116 2334 203 2399 enim
234 2351 388 2427 spectare
424 2333 555 2426 putabis
580 2333 671 2425 quod
696 2361 725 2401 v.
751 2334 796 2404 97
824 2314 947 2402 Tranio
983 2335 1081 2401 dicit:
1115 2332 1189 2401 Au·

115 2449 203 2514 din?
237 2449 413 2514 videturne
448 2447 586 2514 obsecro
624 2448 735 2514 hercle
770 2448 931 2528 idonem,
969 2450 1108 2516 (lanino
1132 2455 1191 2541 qui

113 2566 178 2631 sitl
209 2589 319 2655 genus
344 2562 435 2655 qood
460 2562 791 2655 improbissumumst.
850 2565 905 2631 An
938 2564 980 2631 ad
1019 2591 1096 2633 eum
1130 2566 1189 2659 qui

115 2678 290 2772 praecedit
315 2704 447 2745 versum
474 2678 542 2751 96?
592 2679 637 2745 At
657 2703 697 2746 eo
722 2705 819 2746 versu
844 2679 970 2746 danista
990 2679 1025 2746 id
1052 2679 1189 2760 dixerat,

117 2794 210 2889 quod
236 2796 287 2862 vel
313 2797 453 2861 maxime
476 2821 495 2861 e
521 2810 633 2895 mente
660 2796 836 2862 Tranionis
871 2812 973 2863 esset:
1005 2794 1190 2888 paullulum

115 2937 187 2978 esse
214 2935 278 2978 nec
303 2912 411 3003 magni
437 2911 689 2991 aestimandum,
714 2909 806 3003 quud
829 2935 883 2978 aes
909 2910 1052 2977 alienum
1076 2909 1192 2977 Phile

115 3027 228 3095 laches
255 3027 479 3094 contraxisset.
512 3029 586 3110 Quo
612 3028 670 3119 qui
696 3043 805 3118 potest
817 3028 941 3094 Tranio
967 3028 1001 3092 in
1029 3026 1190 3093 danistam

114 3162 151 3209 ut
187 3142 407 3235 improbitatis
442 3140 641 3208 documento
675 3142 743 3207 uti?
803 3141 908 3208 lmmo
947 3144 1016 3207 eius
1053 3139 1190 3234 quidem

119 3258 294 3350 opprobrii
320 3274 548 3351 argumentum
572 3255 629 3324 ille
655 3257 772 3350 nequit
804 3259 869 3323 nisi
895 3283 912 3323 e
940 3255 1087 3323 danistae
1113 3281 1192 3324 vor-

118 3375 170 3441 bis
194 3400 224 3440 v.
250 3373 296 3443 93
319 3392 451 3465 petere:
477 3373 653 3460 Perfacile
680 3396 744 3464 ego
763 3376 849 3439 ictus
859 3378 1036 3465 perpetior
1060 3396 1190 3463 argen-

117 3506 200 3556 teos.
235 3488 347 3556 Solam
369 3491 456 3555 enim
484 3487 685 3556 verberandi
714 3506 748 3556 et
770 3489 893 3556 ictuum
912 3489 1082 3556 notionem
1108 3512 1189 3580 pre-

116 3630 210 3671 mens
237 3604 300 3671 hoe
327 3603 409 3670 dicit
434 3606 578 3671 Tranio:
602 3628 713 3671 nonne
738 3601 924 3697 iste·pla11e
951 3622 1048 3669 natus
1070 3602 1191 3667 factus-

115 3747 182 3811 que
210 3718 326 3788 estad
354 3719 546 3787 danisticam
572 3720 657 3788 vitae
690 3718 945 3788 condicionem?
980 3718 1106 3810 quippe
1132 3717 1190 3809 qui

115 3859 159 3900 ne
184 3836 369 3933 verberum⁴
388 3833 527 3928 quidem
552 3836 764 3927 ignominiam
796 3822 976 3911 detrectet,
1002 3829 1104 3897 modo
1130 3855 1191 3922 pe-

117 3951 246 4018 cuniam
274 3949 436 4020 eoi-radat.
487 3953 580 4035 Quae
608 3977 682 4018 cum
708 3952 752 4016 ita
777 3949 850 4025 siut,
877 3945 1000 4038 ecquid
1023 3945 1190 4013 dubitabis

116 4090 182 4131 una
208 4089 313 4156 eaque
341 4064 582 4157 simplicissima
607 4086 761 4130 versuum
787 4061 843 4130 97.
864 4059 921 4129 98.
945 4060 1089 4130 99.100
1115 4079 1191 4127 aute

114 4177 163 4248 94
193 4181 446 4272 transpositione
471 4181 605 4273 utrique
634 4203 733 4271 quam
762 4178 974 4269 exposuimus
1008 4175 1190 4242 difficultati

115 4318 315 4375 occurrere,
353 4297 608 4388 rectissimoque
632 4319 788 4361 versuum
810 4291 929 4359 ordine
957 4290 1117 4359 delectari
1141 4292 1189 4359 sic

116 4435 190 4480 meo
216 4436 312 4477 suasu
337 4413 668 4480 reconcinnatorum:

262 4549 322 4597 re.
352 4523 448 4627 Quid
467 4521 518 4596 illi
543 4525 709 4594 debetur?
757 4548 812 4593 ru.
840 4519 977 4593 obsecro
1004 4524 1116 4593 hercle
1142 4539 1189 4599 te,

702 4637 791 4711 o'biei

971 4786 978 4813 Ι
