<?xml version="1.0" encoding="UTF-8"?>
<!DOCTYPE html PUBLIC "-//W3C//DTD XHTML 1.0 Transitional//EN"
    "http://www.w3.org/TR/xhtml1/DTD/xhtml1-transitional.dtd">
<html xmlns="http://www.w3.org/1999/xhtml" xml:lang="en" lang="en">
 <head>
  <title>
</title>
<meta http-equiv="Content-Type" content="text/html;charset=utf-8" />
  <meta name='ocr-system' content='tesseract 3.04.00' />
  <meta name='ocr-capabilities' content='ocr_page ocr_carea ocr_par ocr_line ocrx_word'/>
</head>
<body>
  <div class='ocr_page' id='page_1' title='image "./parergonplautin01ritsgoog_0081.png"; bbox 0 0 2820 5332; ppageno 0'>
   <div class='ocr_carea' id='block_1_1' title="bbox 232 758 1068 830">
    <p class='ocr_par' dir='ltr' id='par_1_1' title="bbox 232 758 1068 830">
     <span class='ocr_line' id='line_1_1' title="bbox 232 758 1068 830; baseline -0.001 -3"><span class='ocrx_word' id='word_1_1' title='bbox 232 758 280 827; x_wconf 76' lang='lat'><strong>42</strong></span> <span class='ocrx_word' id='word_1_2' title='bbox 464 787 482 826; x_wconf 87' lang='lat' dir='ltr'><strong>t.</strong></span> <span class='ocrx_word' id='word_1_3' title='bbox 510 786 551 826; x_wconf 87' lang='lat' dir='ltr'><strong>ns</strong></span> <span class='ocrx_word' id='word_1_4' title='bbox 580 784 697 827; x_wconf 76' lang='lat' dir='ltr'><strong>anrvrr</strong></span> <span class='ocrx_word' id='word_1_5' title='bbox 724 786 851 829; x_wconf 75' lang='lat' dir='ltr'><strong>noerae</strong></span> <span class='ocrx_word' id='word_1_6' title='bbox 878 786 1068 830; x_wconf 82' lang='lat' dir='ltr'><strong>sonnnsvs.</strong></span> 
     </span>
    </p>
   </div>
   <div class='ocr_carea' id='block_1_2' title="bbox 144 955 1315 4040">
    <p class='ocr_par' dir='ltr' id='par_1_2' title="bbox 144 955 1315 4040">
     <span class='ocr_line' id='line_1_2' title="bbox 229 955 1315 1025; baseline 0.001 -3"><span class='ocrx_word' id='word_1_7' title='bbox 229 958 333 1022; x_wconf 82' lang='lat' dir='ltr'>vimus</span> <span class='ocrx_word' id='word_1_8' title='bbox 349 955 506 1022; x_wconf 78' lang='lat' dir='ltr'>ablativos</span> <span class='ocrx_word' id='word_1_9' title='bbox 522 956 635 1023; x_wconf 79' lang='lat' dir='ltr'><strong>Saena</strong></span> <span class='ocrx_word' id='word_1_10' title='bbox 648 955 795 1021; x_wconf 86' lang='lat' dir='ltr'><strong>deserta.</strong></span> <span class='ocrx_word' id='word_1_11' title='bbox 829 957 939 1023; x_wconf 84' lang='lat' dir='ltr'>Futile</span> <span class='ocrx_word' id='word_1_12' title='bbox 967 975 1016 1025; x_wconf 90' lang='lat' dir='ltr'><strong>est</strong></span> <span class='ocrx_word' id='word_1_13' title='bbox 1033 957 1199 1024; x_wconf 86' lang='lat' dir='ltr'><strong>editorum</strong></span> <span class='ocrx_word' id='word_1_14' title='bbox 1223 981 1315 1025; x_wconf 87' lang='lat' dir='ltr'><strong>eom-</strong></span> 
     </span>
     <span class='ocr_line' id='line_1_3' title="bbox 229 1070 1314 1163; baseline 0.001 -27"><span class='ocrx_word' id='word_1_15' title='bbox 229 1091 375 1137; x_wconf 91' lang='lat' dir='ltr'><strong>mentum</strong></span> <span class='ocrx_word' id='word_1_16' title='bbox 398 1071 478 1135; x_wconf 75' lang='lat' dir='ltr'><strong>ltine</strong></span> <span class='ocrx_word' id='word_1_17' title='bbox 502 1096 564 1162; x_wconf 91' lang='lat' dir='ltr'><strong>pro</strong></span> <span class='ocrx_word' id='word_1_18' title='bbox 593 1070 674 1135; x_wconf 84' lang='lat' dir='ltr'><strong>dein</strong></span> <span class='ocrx_word' id='word_1_19' title='bbox 696 1072 950 1163; x_wconf 62' lang='lat' dir='ltr'>corrigentium</span> <span class='ocrx_word' id='word_1_20' title='bbox 987 1071 1091 1138; x_wconf 91' lang='lat' dir='ltr'><strong>multo</strong></span> <span class='ocrx_word' id='word_1_21' title='bbox 1129 1090 1236 1137; x_wconf 88' lang='lat' dir='ltr'><strong>autem</strong></span> <span class='ocrx_word' id='word_1_22' title='bbox 1264 1074 1314 1137; x_wconf 83' lang='lat' dir='ltr'><strong>fu-</strong></span> 
     </span>
     <span class='ocr_line' id='line_1_4' title="bbox 229 1185 1313 1279; baseline 0 -28"><span class='ocrx_word' id='word_1_23' title='bbox 229 1185 318 1252; x_wconf 91' lang='lat' dir='ltr'><strong>tilior</strong></span> <span class='ocrx_word' id='word_1_24' title='bbox 340 1186 469 1277; x_wconf 84' lang='lat' dir='ltr'><strong>Meyeri</strong></span> <span class='ocrx_word' id='word_1_25' title='bbox 491 1185 626 1254; x_wconf 77' lang='lat' dir='ltr'><strong>Anthol.</strong></span> <span class='ocrx_word' id='word_1_26' title='bbox 654 1185 710 1252; x_wconf 86' lang='lat' dir='ltr'><strong>lat.</strong></span> <span class='ocrx_word' id='word_1_27' title='bbox 737 1188 782 1261; x_wconf 89' lang='lat' dir='ltr'><strong>Il,</strong></span> <span class='ocrx_word' id='word_1_28' title='bbox 811 1192 826 1253; x_wconf 86' lang='lat' dir='ltr'><strong>l</strong></span> <span class='ocrx_word' id='word_1_29' title='bbox 853 1213 889 1279; x_wconf 90' lang='lat' dir='ltr'><strong>p.</strong></span> <span class='ocrx_word' id='word_1_30' title='bbox 921 1190 965 1254; x_wconf 73' lang='lat' dir='ltr'><strong>t‘t</strong></span> <span class='ocrx_word' id='word_1_31' title='bbox 992 1189 1157 1253; x_wconf 74' lang='lat' dir='ltr'><strong>excusatio</strong></span> <span class='ocrx_word' id='word_1_32' title='bbox 1184 1186 1313 1278; x_wconf 87' lang='lat' dir='ltr'><strong>produ-</strong></span> 
     </span>
     <span class='ocr_line' id='line_1_5' title="bbox 229 1299 1312 1392; baseline 0 -26"><span class='ocrx_word' id='word_1_33' title='bbox 229 1318 298 1366; x_wconf 88' lang='lat' dir='ltr'><strong>ctae</strong></span> <span class='ocrx_word' id='word_1_34' title='bbox 324 1299 455 1364; x_wconf 88' lang='lat' dir='ltr'><strong>ultimae</strong></span> <span class='ocrx_word' id='word_1_35' title='bbox 482 1299 629 1392; x_wconf 82' lang='lat' dir='ltr'>syllabae</span> <span class='ocrx_word' id='word_1_36' title='bbox 655 1299 793 1366; x_wconf 82' lang='lat' dir='ltr'><strong>deserta</strong></span> <span class='ocrx_word' id='word_1_37' title='bbox 819 1303 926 1380; x_wconf 89' lang='lat' dir='ltr'><strong>vocis,</strong></span> <span class='ocrx_word' id='word_1_38' title='bbox 963 1317 999 1366; x_wconf 93' lang='lat' dir='ltr'><strong>ut</strong></span> <span class='ocrx_word' id='word_1_39' title='bbox 1023 1302 1057 1365; x_wconf 91' lang='lat' dir='ltr'><strong>in</strong></span> <span class='ocrx_word' id='word_1_40' title='bbox 1093 1302 1157 1366; x_wconf 86' lang='lat' dir='ltr'><strong>arsi</strong></span> <span class='ocrx_word' id='word_1_41' title='bbox 1184 1299 1312 1366; x_wconf 84' lang='lat' dir='ltr'><strong>seilicet</strong></span> 
     </span>
     <span class='ocr_line' id='line_1_6' title="bbox 227 1414 1311 1507; baseline 0 -26"><span class='ocrx_word' id='word_1_42' title='bbox 227 1416 353 1506; x_wconf 81' lang='lat' dir='ltr'>positae</span> <span class='ocrx_word' id='word_1_43' title='bbox 392 1432 424 1478; x_wconf 89' lang='lat' dir='ltr'><strong>et</strong></span> <span class='ocrx_word' id='word_1_44' title='bbox 455 1432 528 1480; x_wconf 87' lang='lat' dir='ltr'><strong>ante</strong></span> <span class='ocrx_word' id='word_1_45' title='bbox 557 1416 718 1482; x_wconf 87' lang='lat' dir='ltr'><strong>maiorem</strong></span> <span class='ocrx_word' id='word_1_46' title='bbox 751 1417 1063 1507; x_wconf 83' lang='lat' dir='ltr'><strong>interpunctionem.</strong></span> <span class='ocrx_word' id='word_1_47' title='bbox 1115 1417 1179 1499; x_wconf 89' lang='lat' dir='ltr'><strong>Qui</strong></span> <span class='ocrx_word' id='word_1_48' title='bbox 1217 1414 1311 1507; x_wconf 89' lang='lat' dir='ltr'><strong>quod</strong></span> 
     </span>
     <span class='ocr_line' id='line_1_7' title="bbox 227 1528 1310 1623; baseline 0.001 -29"><span class='ocrx_word' id='word_1_49' title='bbox 227 1531 326 1595; x_wconf 89' lang='lat' dir='ltr'><strong>metri</strong></span> <span class='ocrx_word' id='word_1_50' title='bbox 361 1531 474 1595; x_wconf 88' lang='lat' dir='ltr'><strong>vitium</strong></span> <span class='ocrx_word' id='word_1_51' title='bbox 501 1530 637 1615; x_wconf 91' lang='lat' dir='ltr'><strong>(vitium</strong></span> <span class='ocrx_word' id='word_1_52' title='bbox 663 1533 761 1623; x_wconf 84' lang='lat' dir='ltr'><strong>igitur</strong></span> <span class='ocrx_word' id='word_1_53' title='bbox 786 1533 859 1621; x_wconf 88' lang='lat' dir='ltr'><strong>ipse</strong></span> <span class='ocrx_word' id='word_1_54' title='bbox 887 1528 1052 1615; x_wconf 85' lang='lat' dir='ltr'><strong>credidit)</strong></span> <span class='ocrx_word' id='word_1_55' title='bbox 1083 1555 1151 1597; x_wconf 90' lang='lat' dir='ltr'><strong>non</strong></span> <span class='ocrx_word' id='word_1_56' title='bbox 1184 1530 1310 1597; x_wconf 87' lang='lat' dir='ltr'><strong>codici-</strong></span> 
     </span>
     <span class='ocr_line' id='line_1_8' title="bbox 226 1644 1310 1737; baseline 0.002 -29"><span class='ocrx_word' id='word_1_57' title='bbox 226 1646 299 1723; x_wconf 91' lang='lat' dir='ltr'>bus,</span> <span class='ocrx_word' id='word_1_58' title='bbox 326 1644 389 1710; x_wconf 90' lang='lat' dir='ltr'><strong>sed</strong></span> <span class='ocrx_word' id='word_1_59' title='bbox 413 1665 532 1736; x_wconf 85' lang='lat' dir='ltr'><strong>poetae</strong></span> <span class='ocrx_word' id='word_1_60' title='bbox 554 1644 768 1711; x_wconf 88' lang='lat' dir='ltr'><strong>tribuendum</strong></span> <span class='ocrx_word' id='word_1_61' title='bbox 795 1662 975 1737; x_wconf 84' lang='lat' dir='ltr'><strong>propterea</strong></span> <span class='ocrx_word' id='word_1_62' title='bbox 999 1663 1103 1736; x_wconf 89' lang='lat' dir='ltr'><strong>putat,</strong></span> <span class='ocrx_word' id='word_1_63' title='bbox 1130 1645 1221 1737; x_wconf 85' lang='lat' dir='ltr'><strong>quod</strong></span> <span class='ocrx_word' id='word_1_64' title='bbox 1245 1647 1310 1737; x_wconf 84' lang='lat' dir='ltr'><strong>ipsi</strong></span> 
     </span>
     <span class='ocr_line' id='line_1_9' title="bbox 226 1758 1310 1852; baseline 0.002 -28"><span class='ocrx_word' id='word_1_65' title='bbox 226 1758 336 1826; x_wconf 89' lang='lat' dir='ltr'><strong>Gellio</strong></span> <span class='ocrx_word' id='word_1_66' title='bbox 363 1761 449 1826; x_wconf 85' lang='lat' dir='ltr'><strong>male</strong></span> <span class='ocrx_word' id='word_1_67' title='bbox 473 1764 716 1826; x_wconf 84' lang='lat' dir='ltr'><strong>concinnatum</strong></span> <span class='ocrx_word' id='word_1_68' title='bbox 741 1761 942 1852; x_wconf 86' lang='lat' dir='ltr'><strong>epigramma</strong></span> <span class='ocrx_word' id='word_1_69' title='bbox 973 1762 1079 1827; x_wconf 82' lang='lat' dir='ltr'><strong>visum</strong></span> <span class='ocrx_word' id='word_1_70' title='bbox 1103 1762 1165 1842; x_wconf 86' lang='lat' dir='ltr'><strong>sit,</strong></span> <span class='ocrx_word' id='word_1_71' title='bbox 1199 1759 1310 1826; x_wconf 90' lang='lat' dir='ltr'><strong>intulit</strong></span> 
     </span>
     <span class='ocr_line' id='line_1_10' title="bbox 224 1872 1308 1968; baseline 0.002 -31"><span class='ocrx_word' id='word_1_72' title='bbox 224 1874 259 1938; x_wconf 94' lang='lat' dir='ltr'><strong>in</strong></span> <span class='ocrx_word' id='word_1_73' title='bbox 294 1872 394 1939; x_wconf 91' lang='lat' dir='ltr'><strong>Gellii</strong></span> <span class='ocrx_word' id='word_1_74' title='bbox 429 1877 531 1941; x_wconf 86' lang='lat' dir='ltr'><strong>verba</strong></span> <span class='ocrx_word' id='word_1_75' title='bbox 564 1873 657 1968; x_wconf 86' lang='lat' dir='ltr'><strong>quod</strong></span> <span class='ocrx_word' id='word_1_76' title='bbox 685 1875 818 1939; x_wconf 85' lang='lat' dir='ltr'><strong>minime</strong></span> <span class='ocrx_word' id='word_1_77' title='bbox 857 1875 953 1943; x_wconf 86' lang='lat' dir='ltr'><strong>inest.</strong></span> <span class='ocrx_word' id='word_1_78' title='bbox 1004 1877 1174 1941; x_wconf 81' lang='lat' dir='ltr'><em>Numeros</em></span> <span class='ocrx_word' id='word_1_79' title='bbox 1198 1892 1308 1940; x_wconf 91' lang='lat' dir='ltr'><strong>autem</strong></span> 
     </span>
     <span class='ocr_line' id='line_1_11' title="bbox 225 1989 1308 2082; baseline 0.003 -28"><span class='ocrx_word' id='word_1_80' title='bbox 225 1994 422 2055; x_wconf 81' lang='lat' dir='ltr'><strong>innumeros</strong></span> <span class='ocrx_word' id='word_1_81' title='bbox 446 2016 508 2058; x_wconf 88' lang='lat' dir='ltr'><strong>nec</strong></span> <span class='ocrx_word' id='word_1_82' title='bbox 533 1991 713 2056; x_wconf 85' lang='lat' dir='ltr'><strong>Turnebus</strong></span> <span class='ocrx_word' id='word_1_83' title='bbox 739 2015 803 2054; x_wconf 88' lang='lat' dir='ltr'><strong>nee</strong></span> <span class='ocrx_word' id='word_1_84' title='bbox 828 1990 972 2082; x_wconf 80' lang='lat' dir='ltr'><strong>Thysins</strong></span> <span class='ocrx_word' id='word_1_85' title='bbox 998 2016 1061 2058; x_wconf 89' lang='lat' dir='ltr'><strong>nee</strong></span> <span class='ocrx_word' id='word_1_86' title='bbox 1086 1989 1216 2058; x_wconf 89' lang='lat' dir='ltr'><strong>Tollius</strong></span> <span class='ocrx_word' id='word_1_87' title='bbox 1243 2016 1308 2057; x_wconf 86' lang='lat' dir='ltr'><strong>neo</strong></span> 
     </span>
     <span class='ocr_line' id='line_1_12' title="bbox 225 2103 1309 2195; baseline -0.002 -21"><span class='ocrx_word' id='word_1_88' title='bbox 225 2103 465 2174; x_wconf 83' lang='lat' dir='ltr'><strong>Wakefieldius</strong></span> <span class='ocrx_word' id='word_1_89' title='bbox 488 2124 580 2171; x_wconf 88' lang='lat' dir='ltr'><strong>recte</strong></span> <span class='ocrx_word' id='word_1_90' title='bbox 604 2122 679 2171; x_wconf 91' lang='lat' dir='ltr'><strong>sunt</strong></span> <span class='ocrx_word' id='word_1_91' title='bbox 702 2104 1037 2195; x_wconf 79' lang='lat' dir='ltr'><strong>iute1·pretati3·nihil</strong></span> <span class='ocrx_word' id='word_1_92' title='bbox 1062 2107 1125 2172; x_wconf 92' lang='lat' dir='ltr'><strong>nisi</strong></span> <span class='ocrx_word' id='word_1_93' title='bbox 1150 2129 1309 2172; x_wconf 89' lang='lat' dir='ltr'><strong>numero-</strong></span> 
     </span>
     <span class='ocr_line' id='line_1_13' title="bbox 226 2221 1308 2312; baseline 0 -28"><span class='ocrx_word' id='word_1_94' title='bbox 226 2245 300 2285; x_wconf 90' lang='lat' dir='ltr'><strong>rum</strong></span> <span class='ocrx_word' id='word_1_95' title='bbox 325 2221 357 2285; x_wconf 91' lang='lat' dir='ltr'><strong>h.</strong></span> <span class='ocrx_word' id='word_1_96' title='bbox 385 2246 414 2286; x_wconf 90' lang='lat' dir='ltr'><strong>e.</strong></span> <span class='ocrx_word' id='word_1_97' title='bbox 441 2246 597 2286; x_wconf 81' lang='lat' dir='ltr'><strong>versuum</strong></span> <span class='ocrx_word' id='word_1_98' title='bbox 622 2238 871 2312; x_wconf 82' lang='lat' dir='ltr'><strong>metrorumque</strong></span> <span class='ocrx_word' id='word_1_99' title='bbox 898 2222 1090 2287; x_wconf 87' lang='lat' dir='ltr'><strong>varietas</strong></span> <span class='ocrx_word' id='word_1_100' title='bbox 1124 2237 1308 2312; x_wconf 86' lang='lat' dir='ltr'><strong>spectatur:</strong></span> 
     </span>
     <span class='ocr_line' id='line_1_14' title="bbox 227 2333 1308 2428; baseline 0.001 -30"><span class='ocrx_word' id='word_1_101' title='bbox 227 2359 312 2425; x_wconf 89' lang='lat' dir='ltr'><strong>quae</strong></span> <span class='ocrx_word' id='word_1_102' title='bbox 339 2351 460 2426; x_wconf 88' lang='lat' dir='ltr'><strong>quanta</strong></span> <span class='ocrx_word' id='word_1_103' title='bbox 483 2337 524 2401; x_wconf 90' lang='lat' dir='ltr'><strong>sit</strong></span> <span class='ocrx_word' id='word_1_104' title='bbox 550 2334 640 2412; x_wconf 83' lang='lat' dir='ltr'><strong>velut</strong></span> <span class='ocrx_word' id='word_1_105' title='bbox 664 2361 738 2401; x_wconf 89' lang='lat' dir='ltr'><strong>cum</strong></span> <span class='ocrx_word' id='word_1_106' title='bbox 759 2336 962 2400; x_wconf 87' lang='lat' dir='ltr'><strong>Terentiana</strong></span> <span class='ocrx_word' id='word_1_107' title='bbox 976 2333 1186 2428; x_wconf 82' lang='lat' dir='ltr'><strong>simplicitate</strong></span> <span class='ocrx_word' id='word_1_108' title='bbox 1212 2358 1308 2401; x_wconf 87' lang='lat' dir='ltr'><strong>com-</strong></span> 
     </span>
     <span class='ocr_line' id='line_1_15' title="bbox 144 2451 1310 2543; baseline 0 -29"><span class='ocrx_word' id='word_1_109' title='bbox 144 2485 146 2489; x_wconf 39' lang='lat'><em>*</em></span> <span class='ocrx_word' id='word_1_110' title='bbox 225 2467 357 2540; x_wconf 90' lang='lat' dir='ltr'><strong>parata,</strong></span> <span class='ocrx_word' id='word_1_111' title='bbox 390 2452 557 2515; x_wconf 88' lang='lat' dir='ltr'><strong>neminem</strong></span> <span class='ocrx_word' id='word_1_112' title='bbox 584 2451 674 2542; x_wconf 84' lang='lat' dir='ltr'><strong>sugit.</strong></span> <span class='ocrx_word' id='word_1_113' title='bbox 706 2485 748 2496; x_wconf 94' lang='lat'><em>-</em></span> <span class='ocrx_word' id='word_1_114' title='bbox 773 2452 858 2516; x_wconf 86' lang='lat' dir='ltr'><strong>Vtor</strong></span> <span class='ocrx_word' id='word_1_115' title='bbox 882 2451 946 2518; x_wconf 87' lang='lat' dir='ltr'><strong>hae</strong></span> <span class='ocrx_word' id='word_1_116' title='bbox 973 2451 1239 2543; x_wconf 78' lang='lat' dir='ltr'><strong>opportunitate,</strong></span> <span class='ocrx_word' id='word_1_117' title='bbox 1271 2466 1310 2514; x_wconf 92' lang='lat' dir='ltr'><strong>nt</strong></span> 
     </span>
     <span class='ocr_line' id='line_1_16' title="bbox 224 2562 1308 2659; baseline 0.001 -29"><span class='ocrx_word' id='word_1_118' title='bbox 224 2565 483 2631; x_wconf 85' lang='lat' dir='ltr'><strong>Naeviannm</strong></span> <span class='ocrx_word' id='word_1_119' title='bbox 522 2570 723 2659; x_wconf 82' lang='lat' dir='ltr'><strong>epigramma</strong></span> <span class='ocrx_word' id='word_1_120' title='bbox 761 2564 917 2631; x_wconf 82' lang='lat' dir='ltr'><strong>Plautinis</strong></span> <span class='ocrx_word' id='word_1_121' title='bbox 956 2565 1106 2633; x_wconf 87' lang='lat' dir='ltr'><strong>versibus</strong></span> <span class='ocrx_word' id='word_1_122' title='bbox 1145 2591 1163 2630; x_wconf 89' lang='lat' dir='ltr'><strong>a</strong></span> <span class='ocrx_word' id='word_1_123' title='bbox 1195 2562 1308 2631; x_wconf 89' lang='lat' dir='ltr'><strong>Gellio</strong></span> 
     </span>
     <span class='ocr_line' id='line_1_17' title="bbox 223 2680 1310 2774; baseline 0 -28"><span class='ocrx_word' id='word_1_124' title='bbox 223 2683 370 2747; x_wconf 86' lang='lat' dir='ltr'><strong>iunctum</strong></span> <span class='ocrx_word' id='word_1_125' title='bbox 407 2681 595 2767; x_wconf 89' lang='lat' dir='ltr'><strong>subiiciam,</strong></span> <span class='ocrx_word' id='word_1_126' title='bbox 632 2681 730 2774; x_wconf 89' lang='lat' dir='ltr'><strong>quale</strong></span> <span class='ocrx_word' id='word_1_127' title='bbox 762 2683 796 2745; x_wconf 92' lang='lat' dir='ltr'><strong>in</strong></span> <span class='ocrx_word' id='word_1_128' title='bbox 823 2681 950 2747; x_wconf 85' lang='lat' dir='ltr'><strong>eisdem</strong></span> <span class='ocrx_word' id='word_1_129' title='bbox 981 2683 1114 2772; x_wconf 90' lang='lat' dir='ltr'><strong>optimis</strong></span> <span class='ocrx_word' id='word_1_130' title='bbox 1146 2680 1241 2746; x_wconf 89' lang='lat' dir='ltr'><strong>libris</strong></span> <span class='ocrx_word' id='word_1_131' title='bbox 1275 2697 1310 2746; x_wconf 90' lang='lat' dir='ltr'><strong>et</strong></span> 
     </span>
     <span class='ocr_line' id='line_1_18' title="bbox 224 2795 1311 2889; baseline 0.001 -28"><span class='ocrx_word' id='word_1_132' title='bbox 224 2795 376 2888; x_wconf 86' lang='lat' dir='ltr'><strong>plurimis</strong></span> <span class='ocrx_word' id='word_1_133' title='bbox 408 2795 479 2862; x_wconf 87' lang='lat' dir='ltr'><strong>aliis</strong></span> <span class='ocrx_word' id='word_1_134' title='bbox 514 2797 675 2888; x_wconf 83' lang='lat' dir='ltr'><strong>scripturn</strong></span> <span class='ocrx_word' id='word_1_135' title='bbox 703 2814 805 2861; x_wconf 81' lang='lat' dir='ltr'><strong>exstat</strong></span> <span class='ocrx_word' id='word_1_136' title='bbox 831 2797 934 2861; x_wconf 88' lang='lat' dir='ltr'><strong>iustae</strong></span> <span class='ocrx_word' id='word_1_137' title='bbox 964 2795 1159 2863; x_wconf 85' lang='lat' dir='ltr'><strong>dubitationi</strong></span> <span class='ocrx_word' id='word_1_138' title='bbox 1185 2820 1311 2889; x_wconf 87' lang='lat' dir='ltr'><strong>prope-</strong></span> 
     </span>
     <span class='ocr_line' id='line_1_19' title="bbox 224 2910 1310 3005; baseline 0.004 -31"><span class='ocrx_word' id='word_1_139' title='bbox 224 2910 363 2976; x_wconf 89' lang='lat' dir='ltr'><strong>modum</strong></span> <span class='ocrx_word' id='word_1_140' title='bbox 386 2911 470 2976; x_wconf 90' lang='lat' dir='ltr'><strong>nulli</strong></span> <span class='ocrx_word' id='word_1_141' title='bbox 496 2913 692 2979; x_wconf 82' lang='lat' dir='ltr'><strong>obnoxium:</strong></span> <span class='ocrx_word' id='word_1_142' title='bbox 728 2911 821 3005; x_wconf 90' lang='lat' dir='ltr'><strong>quod</strong></span> <span class='ocrx_word' id='word_1_143' title='bbox 857 2910 926 2977; x_wconf 93' lang='lat' dir='ltr'><strong>sola</strong></span> <span class='ocrx_word' id='word_1_144' title='bbox 963 2910 1117 2979; x_wconf 90' lang='lat' dir='ltr'><strong>codicum</strong></span> <span class='ocrx_word' id='word_1_145' title='bbox 1147 2914 1310 3004; x_wconf 85' lang='lat' dir='ltr'><strong>ignoratio</strong></span> 
     </span>
     <span class='ocr_line' id='line_1_20' title="bbox 226 3024 1311 3118; baseline 0 -28"><span class='ocrx_word' id='word_1_146' title='bbox 226 3025 332 3091; x_wconf 84' lang='lat' dir='ltr'><strong>elleeit</strong></span> <span class='ocrx_word' id='word_1_147' title='bbox 359 3024 588 3092; x_wconf 85' lang='lat' dir='ltr'><strong>utidentidem</strong></span> <span class='ocrx_word' id='word_1_148' title='bbox 615 3029 723 3092; x_wconf 80' lang='lat' dir='ltr'><strong>verbis</strong></span> <span class='ocrx_word' id='word_1_149' title='bbox 739 3028 945 3118; x_wconf 85' lang='lat' dir='ltr'><strong>transpositis</strong></span> <span class='ocrx_word' id='word_1_150' title='bbox 964 3051 1051 3091; x_wconf 90' lang='lat' dir='ltr'><strong>nune</strong></span> <span class='ocrx_word' id='word_1_151' title='bbox 1077 3026 1148 3092; x_wconf 85' lang='lat' dir='ltr'><strong>fere</strong></span> <span class='ocrx_word' id='word_1_152' title='bbox 1168 3026 1311 3093; x_wconf 89' lang='lat' dir='ltr'><strong>eircum-</strong></span> 
     </span>
     <span class='ocr_line' id='line_1_21' title="bbox 227 3140 1310 3222; baseline 0.003 -18"><span class='ocrx_word' id='word_1_153' title='bbox 227 3141 368 3220; x_wconf 84' lang='lat' dir='ltr'><strong>seratur,</strong></span> <span class='ocrx_word' id='word_1_154' title='bbox 395 3140 485 3208; x_wconf 89' lang='lat' dir='ltr'><strong>velut</strong></span> <span class='ocrx_word' id='word_1_155' title='bbox 509 3143 541 3206; x_wconf 93' lang='lat' dir='ltr'><strong>in</strong></span> <span class='ocrx_word' id='word_1_156' title='bbox 569 3143 767 3218; x_wconf 85' lang='lat' dir='ltr'><strong>Hermanni,</strong></span> <span class='ocrx_word' id='word_1_157' title='bbox 792 3143 912 3220; x_wconf 87' lang='lat' dir='ltr'><strong>Bothii,</strong></span> <span class='ocrx_word' id='word_1_158' title='bbox 939 3140 1156 3222; x_wconf 87' lang='lat' dir='ltr'><strong>Grotefendi,</strong></span> <span class='ocrx_word' id='word_1_159' title='bbox 1183 3142 1310 3207; x_wconf 82' lang='lat' dir='ltr'><strong>Osanni</strong></span> 
     </span>
     <span class='ocr_line' id='line_1_22' title="bbox 226 3254 1310 3348; baseline 0.001 -28"><span class='ocrx_word' id='word_1_160' title='bbox 226 3254 320 3323; x_wconf 91' lang='lat' dir='ltr'><strong>libris</strong></span> <span class='ocrx_word' id='word_1_161' title='bbox 347 3285 364 3322; x_wconf 90' lang='lat' dir='ltr'><strong>a</strong></span> <span class='ocrx_word' id='word_1_162' title='bbox 390 3258 611 3323; x_wconf 89' lang='lat' dir='ltr'><strong>Klussmanno</strong></span> <span class='ocrx_word' id='word_1_163' title='bbox 640 3257 682 3322; x_wconf 86' lang='lat' dir='ltr'><strong>de</strong></span> <span class='ocrx_word' id='word_1_164' title='bbox 707 3259 769 3322; x_wconf 79' lang='lat' dir='ltr'><strong>vitu</strong></span> <span class='ocrx_word' id='word_1_165' title='bbox 795 3258 907 3323; x_wconf 87' lang='lat' dir='ltr'><strong>Naevii</strong></span> <span class='ocrx_word' id='word_1_166' title='bbox 944 3284 976 3348; x_wconf 87' lang='lat' dir='ltr'><strong>p.</strong></span> <span class='ocrx_word' id='word_1_167' title='bbox 1012 3261 1078 3327; x_wconf 71' lang='lat'><strong>‘201</strong></span> <span class='ocrx_word' id='word_1_168' title='bbox 1108 3280 1310 3324; x_wconf 88' lang='lat' dir='ltr'><strong>commemo-</strong></span> 
     </span>
     <span class='ocr_line' id='line_1_23' title="bbox 225 3371 1308 3465; baseline -0.001 -30"><span class='ocrx_word' id='word_1_169' title='bbox 225 3375 314 3450; x_wconf 89' lang='lat' dir='ltr'><strong>ratis,</strong></span> <span class='ocrx_word' id='word_1_170' title='bbox 340 3391 519 3465; x_wconf 88' lang='lat' dir='ltr'><strong>praeterea</strong></span> <span class='ocrx_word' id='word_1_171' title='bbox 547 3376 644 3438; x_wconf 89' lang='lat' dir='ltr'><strong>etiam</strong></span> <span class='ocrx_word' id='word_1_172' title='bbox 670 3374 704 3436; x_wconf 90' lang='lat' dir='ltr'><strong>in</strong></span> <span class='ocrx_word' id='word_1_173' title='bbox 723 3373 856 3463; x_wconf 83' lang='lat' dir='ltr'><strong>Meyeri</strong></span> <span class='ocrx_word' id='word_1_174' title='bbox 873 3371 1072 3465; x_wconf 83' lang='lat' dir='ltr'><strong>Anthologia</strong></span> <span class='ocrx_word' id='word_1_175' title='bbox 1097 3398 1131 3464; x_wconf 86' lang='lat' dir='ltr'><strong>p.</strong></span> <span class='ocrx_word' id='word_1_176' title='bbox 1159 3375 1190 3441; x_wconf 83' lang='lat'><strong>5·</strong></span> <span class='ocrx_word' id='word_1_177' title='bbox 1224 3372 1308 3437; x_wconf 85' lang='lat' dir='ltr'><strong>Nam</strong></span> 
     </span>
     <span class='ocr_line' id='line_1_24' title="bbox 225 3483 1306 3579; baseline -0.005 -27"><span class='ocrx_word' id='word_1_178' title='bbox 225 3489 288 3552; x_wconf 88' lang='lat' dir='ltr'><strong>nisi</strong></span> <span class='ocrx_word' id='word_1_179' title='bbox 328 3487 420 3579; x_wconf 90' lang='lat' dir='ltr'><strong>quod</strong></span> <span class='ocrx_word' id='word_1_180' title='bbox 455 3490 551 3554; x_wconf 84' lang='lat' dir='ltr'><strong>tertio</strong></span> <span class='ocrx_word' id='word_1_181' title='bbox 586 3514 682 3554; x_wconf 85' lang='lat' dir='ltr'><strong>versu</strong></span> <span class='ocrx_word' id='word_1_182' title='bbox 717 3488 819 3552; x_wconf 79' lang='lat' dir='ltr'><strong>orclao</strong></span> <span class='ocrx_word' id='word_1_183' title='bbox 850 3486 904 3553; x_wconf 87' lang='lat' dir='ltr'><strong>vel</strong></span> <span class='ocrx_word' id='word_1_184' title='bbox 939 3487 1066 3552; x_wconf 84' lang='lat' dir='ltr'><strong>lrorclro</strong></span> <span class='ocrx_word' id='word_1_185' title='bbox 1103 3483 1155 3552; x_wconf 83' lang='lat' dir='ltr'><strong>vel</strong></span> <span class='ocrx_word' id='word_1_186' title='bbox 1190 3484 1306 3551; x_wconf 81' lang='lat' dir='ltr'><strong>orelrio</strong></span> 
     </span>
     <span class='ocr_line' id='line_1_25' title="bbox 225 3601 1307 3697; baseline -0.001 -32"><span class='ocrx_word' id='word_1_187' title='bbox 225 3601 395 3692; x_wconf 89' lang='lat' dir='ltr'><strong>proditum</strong></span> <span class='ocrx_word' id='word_1_188' title='bbox 430 3622 497 3682; x_wconf 89' lang='lat' dir='ltr'><strong>est,</strong></span> <span class='ocrx_word' id='word_1_189' title='bbox 531 3602 738 3697; x_wconf 86' lang='lat' dir='ltr'><strong>reliquorum</strong></span> <span class='ocrx_word' id='word_1_190' title='bbox 770 3603 852 3670; x_wconf 90' lang='lat' dir='ltr'><strong>haee</strong></span> <span class='ocrx_word' id='word_1_191' title='bbox 884 3603 988 3669; x_wconf 87' lang='lat' dir='ltr'><strong>sorma</strong></span> <span class='ocrx_word' id='word_1_192' title='bbox 1023 3602 1142 3669; x_wconf 89' lang='lat' dir='ltr'><strong>rationi</strong></span> <span class='ocrx_word' id='word_1_193' title='bbox 1172 3601 1307 3666; x_wconf 91' lang='lat' dir='ltr'><strong>minime</strong></span> 
     </span>
     <span class='ocr_line' id='line_1_26' title="bbox 226 3737 406 3813; baseline -0.011 -27"><span class='ocrx_word' id='word_1_194' title='bbox 226 3737 406 3813; x_wconf 81' lang='lat' dir='ltr'><strong>repugnat:</strong></span> 
     </span>
     <span class='ocr_line' id='line_1_27' title="bbox 323 3828 1108 3926; baseline -0.004 -25"><span class='ocrx_word' id='word_1_195' title='bbox 323 3831 538 3901; x_wconf 71' lang='lat' dir='ltr'><strong>[mmortales</strong></span> <span class='ocrx_word' id='word_1_196' title='bbox 563 3835 723 3900; x_wconf 77' lang='lat' dir='ltr'><strong>mortales</strong></span> <span class='ocrx_word' id='word_1_197' title='bbox 748 3830 779 3900; x_wconf 87' lang='lat' dir='ltr'><strong>si</strong></span> <span class='ocrx_word' id='word_1_198' title='bbox 795 3830 898 3921; x_wconf 79' lang='lat' dir='ltr'><strong>sore&#39;t</strong></span> <span class='ocrx_word' id='word_1_199' title='bbox 918 3837 987 3921; x_wconf 81' lang='lat' dir='ltr'><strong>sas</strong></span> <span class='ocrx_word' id='word_1_200' title='bbox 1000 3828 1108 3926; x_wconf 64' lang='lat' dir='ltr'><strong>flere,</strong></span> 
     </span>
     <span class='ocr_line' id='line_1_28' title="bbox 322 3944 1144 4040; baseline -0.007 -22"><span class='ocrx_word' id='word_1_201' title='bbox 322 3946 464 4018; x_wconf 83' lang='lat' dir='ltr'><strong>Flere&#39;nt</strong></span> <span class='ocrx_word' id='word_1_202' title='bbox 488 3947 588 4016; x_wconf 76' lang='lat' dir='ltr'><strong>divae&#39;</strong></span> <span class='ocrx_word' id='word_1_203' title='bbox 616 3947 786 4017; x_wconf 82' lang='lat' dir='ltr'><strong>Came&#39;nae</strong></span> <span class='ocrx_word' id='word_1_204' title='bbox 811 3944 976 4017; x_wconf 78' lang='lat' dir='ltr'><strong>Noe&#39;viu&#39;m</strong></span> <span class='ocrx_word' id='word_1_205' title='bbox 997 3945 1144 4040; x_wconf 74' lang='lat' dir='ltr'><strong>poetam.</strong></span> 
     </span>
    </p>
   </div>
   <div class='ocr_carea' id='block_1_3' title="bbox 321 4060 1239 4161">
    <p class='ocr_par' dir='ltr' id='par_1_3' title="bbox 321 4060 1239 4161">
     <span class='ocr_line' id='line_1_29' title="bbox 321 4060 1239 4161; baseline -0.007 -26"><span class='ocrx_word' id='word_1_206' title='bbox 321 4068 447 4155; x_wconf 79' lang='lat' dir='ltr'><strong>Ito&#39;que</strong></span> <span class='ocrx_word' id='word_1_207' title='bbox 468 4085 649 4161; x_wconf 81' lang='lat' dir='ltr'><strong>postquam</strong></span> <span class='ocrx_word' id='word_1_208' title='bbox 673 4064 724 4132; x_wconf 69' lang='lat' dir='ltr'><strong>cist</strong></span> <span class='ocrx_word' id='word_1_209' title='bbox 749 4061 868 4132; x_wconf 85' lang='lat' dir='ltr'><strong>orcino</strong></span> <span class='ocrx_word' id='word_1_210' title='bbox 891 4060 1039 4131; x_wconf 79' lang='lat' dir='ltr'><strong>tra&#39;dr&#39;tris</strong></span> <span class='ocrx_word' id='word_1_211' title='bbox 1066 4060 1239 4139; x_wconf 67' lang='lat' dir='ltr'><strong>thesauro,</strong></span> 
     </span>
    </p>
   </div>
   <div class='ocr_carea' id='block_1_4' title="bbox 220 4177 1304 4858">
    <p class='ocr_par' dir='ltr' id='par_1_4' title="bbox 220 4177 1304 4858">
     <span class='ocr_line' id='line_1_30' title="bbox 325 4177 1138 4275; baseline -0.007 -23"><span class='ocrx_word' id='word_1_212' title='bbox 325 4178 436 4252; x_wconf 72' lang='lat' dir='ltr'><strong>Oblt&#39;si</strong></span> <span class='ocrx_word' id='word_1_213' title='bbox 459 4179 539 4250; x_wconf 81' lang='lat' dir='ltr'><strong>su&#39;nt</strong></span> <span class='ocrx_word' id='word_1_214' title='bbox 561 4180 689 4251; x_wconf 73' lang='lat' dir='ltr'><strong>Romae</strong></span> <span class='ocrx_word' id='word_1_215' title='bbox 714 4179 844 4275; x_wconf 73' lang='lat' dir='ltr'><strong>loquicit·</strong></span> <span class='ocrx_word' id='word_1_216' title='bbox 870 4180 993 4273; x_wconf 75' lang='lat' dir='ltr'><strong>linguei</strong></span> <span class='ocrx_word' id='word_1_217' title='bbox 1017 4177 1138 4246; x_wconf 71' lang='lat' dir='ltr'><strong>lutiam.</strong></span> 
     </span>
     <span class='ocr_line' id='line_1_31' title="bbox 222 4297 1304 4390; baseline -0.004 -24"><span class='ocrx_word' id='word_1_218' title='bbox 222 4301 353 4366; x_wconf 88' lang='lat' dir='ltr'><strong>Nullam</strong></span> <span class='ocrx_word' id='word_1_219' title='bbox 385 4303 473 4366; x_wconf 91' lang='lat' dir='ltr'><strong>enim</strong></span> <span class='ocrx_word' id='word_1_220' title='bbox 510 4300 641 4367; x_wconf 87' lang='lat' dir='ltr'><strong>ultimus</strong></span> <span class='ocrx_word' id='word_1_221' title='bbox 675 4300 890 4367; x_wconf 84' lang='lat' dir='ltr'><strong>offensionem</strong></span> <span class='ocrx_word' id='word_1_222' title='bbox 928 4325 945 4364; x_wconf 91' lang='lat' dir='ltr'><strong>a</strong></span> <span class='ocrx_word' id='word_1_223' title='bbox 979 4297 1132 4390; x_wconf 81' lang='lat' dir='ltr'><strong>neglecta</strong></span> <span class='ocrx_word' id='word_1_224' title='bbox 1170 4322 1304 4362; x_wconf 78' lang='lat' dir='ltr'><strong>caesura</strong></span> 
     </span>
     <span class='ocr_line' id='line_1_32' title="bbox 222 4410 1303 4508; baseline -0.004 -27"><span class='ocrx_word' id='word_1_225' title='bbox 222 4417 338 4482; x_wconf 86' lang='lat' dir='ltr'><strong>habet:</strong></span> <span class='ocrx_word' id='word_1_226' title='bbox 377 4418 468 4482; x_wconf 89' lang='lat' dir='ltr'><strong>euius</strong></span> <span class='ocrx_word' id='word_1_227' title='bbox 503 4415 684 4508; x_wconf 79' lang='lat' dir='ltr'><strong>elegantiae</strong></span> <span class='ocrx_word' id='word_1_228' title='bbox 711 4416 893 4480; x_wconf 71' lang='lat' dir='ltr'><strong>Gran‘ertus</strong></span> <span class='ocrx_word' id='word_1_229' title='bbox 920 4410 1078 4504; x_wconf 76' lang='lat' dir='ltr'><strong>Append.</strong></span> <span class='ocrx_word' id='word_1_230' title='bbox 1113 4410 1154 4477; x_wconf 89' lang='lat' dir='ltr'><strong>ad</strong></span> <span class='ocrx_word' id='word_1_231' title='bbox 1181 4412 1303 4477; x_wconf 90' lang='lat' dir='ltr'><strong>Koenii</strong></span> 
     </span>
     <span class='ocr_line' id='line_1_33' title="bbox 222 4527 1193 4625; baseline -0.005 -25"><span class='ocrx_word' id='word_1_232' title='bbox 222 4533 343 4600; x_wconf 85' lang='lat' dir='ltr'><strong>librum</strong></span> <span class='ocrx_word' id='word_1_233' title='bbox 373 4532 415 4597; x_wconf 88' lang='lat' dir='ltr'><strong>de</strong></span> <span class='ocrx_word' id='word_1_234' title='bbox 440 4532 518 4625; x_wconf 84' lang='lat' dir='ltr'><strong>ling.</strong></span> <span class='ocrx_word' id='word_1_235' title='bbox 547 4534 631 4624; x_wconf 85' lang='lat' dir='ltr'><strong>epis.</strong></span> <span class='ocrx_word' id='word_1_236' title='bbox 660 4531 712 4596; x_wconf 87' lang='lat' dir='ltr'><strong>lat.</strong></span> <span class='ocrx_word' id='word_1_237' title='bbox 739 4558 771 4622; x_wconf 90' lang='lat' dir='ltr'><strong>p.</strong></span> <span class='ocrx_word' id='word_1_238' title='bbox 798 4529 867 4597; x_wconf 71' lang='lat'><strong>‘267</strong></span> <span class='ocrx_word' id='word_1_239' title='bbox 896 4531 943 4594; x_wconf 88' lang='lat' dir='ltr'><strong>sio</strong></span> <span class='ocrx_word' id='word_1_240' title='bbox 969 4527 1193 4596; x_wconf 88' lang='lat' dir='ltr'><strong>consulturus:</strong></span> 
     </span>
     <span class='ocr_line' id='line_1_34' title="bbox 322 4639 1162 4740; baseline -0.005 -26"><span class='ocrx_word' id='word_1_241' title='bbox 322 4644 431 4715; x_wconf 83' lang='lat' dir='ltr'><strong>Obliti</strong></span> <span class='ocrx_word' id='word_1_242' title='bbox 453 4644 532 4714; x_wconf 66' lang='lat' dir='ltr'><strong>seint</strong></span> <span class='ocrx_word' id='word_1_243' title='bbox 559 4648 685 4715; x_wconf 81' lang='lat' dir='ltr'><strong>Roma&#39;i</strong></span> <span class='ocrx_word' id='word_1_244' title='bbox 705 4649 717 4713; x_wconf 89' lang='lat' dir='ltr'><strong>l</strong></span> <span class='ocrx_word' id='word_1_245' title='bbox 739 4639 868 4740; x_wconf 80' lang='lat' dir='ltr'><strong>loquie&#39;r</strong></span> <span class='ocrx_word' id='word_1_246' title='bbox 893 4644 1017 4735; x_wconf 71' lang='lat' dir='ltr'><strong>linguai</strong></span> <span class='ocrx_word' id='word_1_247' title='bbox 1040 4640 1162 4723; x_wconf 79' lang='lat' dir='ltr'><strong>latina,</strong></span> 
     </span>
     <span class='ocr_line' id='line_1_35' title="bbox 220 4763 1302 4858; baseline -0.007 -25"><span class='ocrx_word' id='word_1_248' title='bbox 220 4765 341 4833; x_wconf 85' lang='lat' dir='ltr'><strong>oblitus</strong></span> <span class='ocrx_word' id='word_1_249' title='bbox 375 4782 423 4833; x_wconf 88' lang='lat' dir='ltr'><strong>est</strong></span> <span class='ocrx_word' id='word_1_250' title='bbox 463 4763 600 4833; x_wconf 82' lang='lat' dir='ltr'><strong>alteram</strong></span> <span class='ocrx_word' id='word_1_251' title='bbox 638 4763 782 4833; x_wconf 82' lang='lat' dir='ltr'><strong>Saturnii</strong></span> <span class='ocrx_word' id='word_1_252' title='bbox 818 4780 946 4858; x_wconf 86' lang='lat' dir='ltr'><strong>partem</strong></span> <span class='ocrx_word' id='word_1_253' title='bbox 979 4763 1131 4829; x_wconf 74' lang='lat' dir='ltr'><strong>ansermi</strong></span> <span class='ocrx_word' id='word_1_254' title='bbox 1176 4784 1302 4826; x_wconf 79' lang='lat' dir='ltr'><strong>oerore.</strong></span> 
     </span>
    </p>
   </div>
   <div class='ocr_carea' id='block_1_5' title="bbox 0 0 1414 5332">
    <p class='ocr_par' dir='ltr' id='par_1_5' title="bbox 0 0 1414 5332">
     <span class='ocr_line' id='line_1_36' title="bbox 0 0 1414 5332; baseline 0 2"><span class='ocrx_word' id='word_1_255' title='bbox 0 0 1414 5332; x_wconf 95' lang='lat' dir='ltr'><strong> </strong></span> 
     </span>
    </p>
   </div>
  </div>
 </body>
</html>
