2820 5332
264 731 314 776 XVI
710 732 899 778 assertum.

261 922 321 973 aut
345 909 479 998 positae
511 922 613 971 erant
641 910 678 972 in
710 908 817 974 titulis
838 913 908 975 siue
934 907 1111 990 indicibus,
1134 914 1193 1004 qui
1215 907 1263 975 ad
1285 908 1340 975 dt.

262 1030 375 1074 versas
399 1004 503 1072 libelli
518 1023 636 1098 partes
658 1006 892 1097 pertinebant,
916 1014 967 1076 ita
986 1025 1024 1074 ut
1039 1009 1169 1099 singuli
1183 1009 1340 1100 singulas

259 1131 305 1172 ex
337 1109 486 1171 auctoris
517 1109 655 1170 nomine
690 1106 742 1171 rel
773 1112 976 1197 cognomine
1009 1108 1143 1174 litteras
1164 1108 1342 1174 haberent.

258 1207 351 1272 Huic
375 1203 509 1297 quidem
532 1209 655 1294 generi
678 1203 918 1273 adnumerabis
942 1207 1159 1274 acrostichon
1178 1206 1274 1282 illud,
1296 1206 1342 1274 de

258 1328 324 1394 quo
356 1304 511 1396 ‘loquitur
552 1303 745 1372 Suetonius.
812 1306 916 1397 Atqui
955 1304 1027 1374 talis
1064 1304 1203 1420 quidem
1242 1333 1342 1399 para·

238 1402 431 1478 stichidis,
465 1405 492 1468 si
524 1401 624 1469 modo
658 1423 750 1471 rectu
782 1405 883 1470 verba
909 1405 1135 1473 obscuriora
1126 1423 1344 1496 interpretor,

258 1527 320 1568 nec
355 1500 456 1566 ullum
489 1526 628 1594 usquam
662 1520 765 1568 exsut
787 1501 977 1595 exemplum
1003 1529 1066 1571 nee
1091 1522 1140 1571 sat
1165 1503 1342 1572 commode

259 1601 396 1694 cogitari
433 1618 554 1693 potest.
604 1599 695 1667 Illud
733 1619 943 1714 compertum
974 1603 1152 1682 habemus,
1182 1600 1242 1669 sed
1273 1627 1340 1673 uno

256 1699 328 1767 solo
354 1700 515 1814 exemplo
533 1697 666 1769 infimae
689 1701 812 1780 aetatis,
838 1699 1042 1792 singulorum
1066 1701 1205 1769 alicuius
1225 1705 1345 1795 scripti

257 1799 454 1864 librorum
446 1800 545 1864 mitiis
571 1797 603 1864 h.
624 1823 651 1864 e.
676 1798 795 1865 litteris
820 1797 1000 1871 initialibus
1028 1799 1110 1887 (non
1136 1800 1243 1866 titulis
1269 1800 1345 1869 sive

257 1895 438 1980 indicibus)
471 1897 618 1963 effectam
650 1923 721 1964 esse
758 1897 1032 1969 acrostichidem.
1072 1896 1205 1991 qualem
1224 1899 1341 1969 Philo-

256 1999 369 2088 storgii
391 1997 553 2061 Historiae
580 1996 824 2063 ecclesiasticae
841 1998 976 2064 Photius
993 1997 1078 2068 Bihl.
1106 1997 1180 2065 eod.
1208 1997 1274 2068 40
1281 2001 1344 2065 tri-

256 2097 344 2162 buit:
375 2094 414 2161 ir
451 2089 565 2184 λόγοις
593 2080 699 2184 ιβ,
673 2117 718 2160 ων
744 2092 787 2159 ai
812 2090 984 2189 ἀπαρχαὶ
1009 2092 1269 2184 aonuSluerua
1293 2095 1342 2165 τὸ

254 2196 323 2260 τοῦ
349 2190 640 2308 συγγεγραφότος
663 2186 912 2286 ἀπαρτίζουσι
929 2185 1231 2286 Φιλοστοργίου
1211 2216 1341 2283 ονομα.

254 2294 420 2361 Verum
411 2318 446 2357 ιιι
472 2293 621 2386 Opilium
648 2292 700 2358 vel
725 2311 906 2384 propterea
931 2312 1087 2392 neutrum
1113 2292 1234 2361 cadere
1260 2297 1341 2364 arti-

256 2392 368 2458 ficium
401 2410 523 2483 potest,
554 2389 647 2484 quod
680 2393 743 2458 iste
776 2390 906 2459 libellus
933 2387 1002 2459 non
1026 2392 1088 2458 suit
1112 2391 1266 2484 prolecto
1292 2411 1342 2461 tot

255 2491 349 2557 libris
377 2489 508 2570 divisus,
533 2508 616 2584 quot
638 2489 756 2556 litteris
784 2514 866 2583 opus
894 2508 944 2557 est
967 2489 1009 2557 ad
1020 2488 1138 2584 Opillii
1166 2489 1232 2578 (vel
1252 2490 1341 2562 adeo

255 2587 381 2656 Aurelii
407 2588 539 2682 Opillii)
570 2614 693 2655 nomon
724 2588 947 2656 efferendum:
979 2614 1045 2682 quo
1081 2589 1221 2672 accedit,
1247 2590 1343 2683 quod

255 2688 298 2755 de
323 2687 543 2784 Philostorgio
571 2689 715 2781 loquens
742 2714 806 2754 nec
833 2690 933 2754 utitur
951 2689 1087 2756 Photius
1111 2685 1341 2783 παραστιχίς

254 2788 400 2870 nomine,
438 2814 500 2855 nec
526 2789 601 2853 satis
628 2804 727 2866 recte,
763 2791 790 2855 si
818 2789 884 2856 vim
912 2789 1001 2853 vocis
1028 2790 1232 2880 compositae
1258 2814 1339 2880 pro-

253 2889 359 2979 priam
394 2906 592 2980 spectamus,
624 2888 769 2978 potuisse
794 2887 838 2951 uti
863 2884 1003 2951 videtur.
1056 2887 1160 2952 Immo
1191 2886 1340 2954 versibus

253 3005 357 3052 metro
388 2989 543 3065 astrictis,
583 3005 619 3051 ut
649 3002 698 3050 est
724 3000 994 3064 consentaneum,
1020 2986 1093 3051 fieri
1113 2984 1222 3053 solitas
1243 3011 1342 3077 para.

253 3085 420 3165 stichidas,
446 3084 482 3151 id
506 3109 585 3151 vero
609 3101 675 3150 tota
702 3085 877 3175 antiquitas
906 3083 1031 3150 clamat.
1071 3086 1250 3151 Testantur
1273 3085 1340 3154 hoc

255 3183 405 3277 exempla
436 3184 627 3276 Epicharmi
667 3180 732 3266 (vel
766 3182 1055 3272 Epicharmiorum
1091 3181 1214 3274 potius)
1247 3210 1264 3248 a
1293 3183 1339 3251 ud

253 3283 437 3375 Diogenem
449 3285 555 3348 Laert.
567 3282 658 3360 VIII,
673 3284 731 3361 78,
747 3281 966 3373 Dionysiique
984 3283 1052 3347 τοῦ
1068 3279 1338 3368 Μεταθεμενου

254 3381 344 3474 apud
377 3381 521 3448 eundem
550 3382 592 3460 V,
616 3380 681 3449 93:
715 3377 787 3465 (ubi
815 3378 930 3445 allatos
965 3380 1048 3446 duos
1080 3381 1228 3446 senarios
1270 3382 1340 3448 noli

254 3497 373 3572 putare
398 3483 433 3547 in
455 3482 526 3573 ipsa
552 3476 720 3573 tragoedia
737 3477 901 3569 Sophocli
927 3480 1100 3570 supposita
1122 3476 1229 3545 lectos
1254 3503 1337 3560 esse,

254 3578 314 3645 sed
348 3582 456 3672 potius
486 3580 653 3670 sexaginta
675 3602 830 3643 versuum
858 3578 1020 3645 continuis
1043 3577 1143 3642 initiis
1172 3576 1335 3664 eflectos3)

255 3696 415 3744 testantur
440 3676 601 3770 Sibyllina
627 3676 781 3743 vaticinia
807 3701 883 3741 cum
909 3701 927 3740 a
953 3676 1117 3789 pionysio
1151 3674 1340 3743 Haliohn-

255 3781 312 3870 tiq.
332 3778 389 3859 IV,
411 3776 458 3844 62
482 3793 748 3855 commemorata,
771 3793 841 3840 tum
865 3775 1028 3889 imprimis
1054 3772 1194 3840 notabili
1221 3798 1338 3844 eorum

254 3901 406 3973 versuum
448 3873 616 3968 exemplo,
653 3898 793 3966 quorum
830 3873 931 3939 initiis
967 3873 1160 3964 compositis
1190 3872 1341 3942 ΙΧΘΤΣ

253 3977 388 4041 nomina
412 3974 504 4054 fiunt,
532 3972 621 4066 apud
638 3971 869 4065 Gallaeump.
892 3972 981 4056 7233
1007 3989 1147 4038 testatur
1174 3968 1217 4037 de
1230 3975 1340 4041 Ennio

254 4074 377 4142 Cicero
401 4072 443 4138 de
470 4073 569 4138 divin.
592 4073 634 4153 ΙΙ,
661 4068 717 4150 54,
751 4072 809 4137 ubi
835 4092 946 4138 nmen
973 4071 1087 4138 Aurati
1114 4071 1339 4138 coniecturam

253 4176 306 4239 vix
342 4172 499 4240 audemus
530 4191 643 4239 contra
678 4170 880 4238 Wolssum
871 4195 906 4235 ιιι
936 4170 1166 4236 Muret.Va1.
1199 4168 1276 4236 lect.
1311 4171 1340 4246 I,

253 4296 286 4364 p·
314 4277 385 4346 272
419 4273 502 4339 tueri
534 4292 608 4338 cum
640 4267 780 4336 Orellio.
832 4271 915 4336 Item
949 4267 993 4334 ad
1024 4286 1203 4360 poetarum
1225 4293 1341 4337 versus

253 4395 312 4437 eac
336 4369 574 4463 parastichides
596 4371 774 4463 pertinent,
800 4369 835 4434 in
855 4367 1201 4461 quibuspaucupandis
1220 4368 1339 4462 exqui-

254 4469 438 4562 rendisque
468 4469 588 4536 multos
609 4470 708 4535 fuisse
734 4485 866 4535 veteres
892 4468 1121 4559 grammaticos
1152 4484 1185 4532 et
1211 4467 1339 4535 Gellius

251 4567 353 4637 docet
377 4570 468 4648 XIV,
502 4567 525 4636 6
559 4585 592 4634 et
617 4570 690 4660 ipse
716 4567 904 4633 Eustathius
928 4568 964 4630 in
989 4565 1083 4632 iliad.
1111 4564 1150 4628 Ω
1171 4590 1204 4656 p.
1233 4563 1337 4633 1462.

250 4672 327 4755 Quo
363 4686 470 4734 autern
508 4666 646 4734 consilio
682 4665 872 4734 acrostichis
907 4666 1032 4732 Ennius
1068 4683 1100 4732 et
1131 4661 1262 4754 Opilius
1300 4684 1334 4731 et
