2820 5332
245 672 317 745 538
561 697 603 740 tx.
653 698 695 740 oa
718 695 1005 759 tranasoatarorta
1108 692 1112 703 ·

244 872 367 938 borum
393 867 491 936 alteri
516 887 581 935 tam
612 867 718 937 hebes
743 870 785 934 sit
809 887 845 935 ut
870 866 925 936 rel
948 870 1111 961 tantisper
1135 872 1336 962 patrocine-

244 987 321 1053 tur?
386 988 492 1069 Quem
526 983 665 1052 sortasse
698 1008 741 1050 ne
772 982 882 1051 studio
917 982 1054 1077 quidem
1085 984 1156 1053 ullo
1183 984 1331 1053 alieuius

244 1101 447 1196 grammatici
470 1098 711 1167 conformatum
732 1098 904 1179 habemus,
931 1098 1134 1194 (quanquam
1160 1101 1236 1167 fieri
1263 1126 1332 1195 poa

242 1219 325 1297 tuit,
363 1233 400 1282 ut
436 1216 662 1308 turpissimum
696 1217 861 1282 senarium
895 1217 944 1281 aio
975 1213 1223 1283 dimetirentur:
1263 1216 1334 1283 sed

240 1357 341 1427 quom
373 1328 577 1424 obsignatas
616 1326 824 1415 dttjaldrir
863 1320 1065 1423 epistulas),
1102 1331 1163 1400 aad
1199 1359 1218 1399 a
1254 1331 1332 1401 sola

241 1445 380 1540 quando
408 1465 442 1513 at
462 1469 562 1540 quom
584 1445 823 1537 particularum
839 1447 1086 1538 permutatione
1114 1448 1331 1540 ascriptaque

240 1587 307 1656 pro
337 1563 460 1653 afferet
483 1562 639 1628 attulerit
664 1561 771 1630 forma
798 1587 874 1628 casu
899 1563 1010 1654 potius
1037 1586 1136 1655 quam
1161 1562 1330 1630 industria

244 1679 431 1748 conflatum.
482 1680 566 1744 Tam
597 1695 705 1745 autem
738 1679 946 1744 manifestum
974 1676 1137 1771 glossema
1173 1704 1241 1746 non
1276 1699 1330 1751 est

242 1795 365 1861 mirum
390 1819 435 1862 ne
463 1792 579 1861 Italum
606 1793 745 1886 quidem
769 1794 863 1861 illum
890 1795 1042 1862 criticum
1072 1796 1280 1875 sustinuisse,
1307 1821 1328 1863 e

245 1911 337 1977 euius
351 1911 546 1978 recensione
563 1911 744 2002 Lipsiensis
758 1936 833 1978 cum
860 1910 1005 2003 cognatis
1030 1908 1201 1978 codicibus
1221 1911 1327 1991 fluxit,

244 2029 402 2121 equibus
421 2045 507 2096 totus
531 2025 716 2111 ⁸versiculus
743 2028 848 2093 abest.
898 2025 1119 2120 Eandemque
1145 2025 1235 2094 baud
1262 2025 1329 2094 ‹lu-

242 2142 300 2209 bie
325 2143 424 2210 etiam
448 2144 484 2209 in
510 2143 730 2210 Ambrosiano
755 2141 874 2210 frustra
900 2166 1157 2234 quaereremus,
1183 2142 1212 2207 si
1235 2140 1327 2209 hanc

242 2257 374 2349 fabulae
399 2275 530 2354 partem
555 2258 751 2352 superstites
775 2256 864 2325 iliius
888 2256 1035 2327 schedae
1061 2273 1224 2326 tenerent.

667 2571 913 2589 m

637 2911 841 3006 Caput
889 2911 943 2982 ΙΙ.

344 3181 438 3250 Haec
464 3206 549 3276 quae
567 3182 775 3250 tractavimus
799 3177 950 3272 exempla
971 3179 999 3245 si
1022 3181 1121 3246 certis
1147 3182 1329 3274 generibus

249 3295 453 3365 distribuere
476 3297 699 3377 voluerimus,
733 3314 789 3363 aut
814 3320 927 3362 versus
954 3293 1093 3362 eosdem
1125 3320 1241 3362 errore
1268 3299 1332 3362 ite-

247 3433 336 3481 ratos
363 3414 550 3505 reperimus
578 3410 655 3500 (V),
681 3429 736 3478 aut
763 3411 905 3479 eandem
928 3410 1241 3501 sententiam'aliim
1268 3411 1332 3479 sed

186 3591 191 3607 s
248 3527 411 3594 similibus
438 3526 491 3593 vel
518 3525 667 3619 paullum
694 3529 823 3592 variatis
848 3527 960 3592 verbis
995 3528 1067 3591 sine
1099 3527 1181 3592 iusta
1217 3552 1332 3594 caussa

251 3659 410 3736 certoque
439 3643 577 3710 consilio
603 3644 797 3735 repetitam,
825 3661 879 3708 aut
903 3665 1021 3707 novam
1047 3643 1243 3709 sententiam
1271 3669 1333 3710 ex-

248 3758 398 3853 plicandi
422 3784 536 3826 caussa
559 3757 718 3828 additam.
781 3760 823 3824 Et
850 3756 1000 3824 eiusdem
1022 3760 1202 3824 sentcntiae
1227 3782 1334 3850 repe-

249 3876 321 3942 titio
350 3894 405 3942 aut
437 3899 515 3941 casu
542 3877 782 3968 magisquam
819 3872 957 3940 consilio
993 3871 1077 3939 iacta
1112 3898 1184 3940 esse
1224 3872 1335 3939 videri

249 4007 363 4084 potest
389 3988 486 4076 (Vl),
521 4008 576 4056 aut
599 3989 673 4056 lusu
696 3993 805 4082 potius
830 3989 955 4082 ingenii
977 3987 1123 4082 quodam
1149 3987 1178 4074 (I
1203 4014 1231 4054 a.
1259 3985 1335 4072 111).

248 4105 333 4172 Item
359 4130 443 4172 nova
468 4106 643 4184 sententia,
669 4104 722 4172 vei
747 4105 839 4171 novis
865 4121 959 4170 certo
983 4104 1092 4170 verbis
1120 4101 1213 4182 elata,
1241 4127 1334 4169 nuno

252 4221 555 4289 circumscribendi
577 4223 679 4315 magis
696 4220 784 4308 (IV),
812 4244 901 4285 nunc
927 4217 1110 4310 supplendi
1128 4217 1337 4309 amplifican-

253 4332 357 4429 dique
383 4335 492 4404 studio
520 4336 664 4403 debetur
690 4337 720 4422 (I
744 4337 777 4402 b.
804 4333 860 4418 ΙΙ).
913 4336 1040 4416 Quibus
1066 4335 1243 4428 generibus
1273 4336 1338 4401 etsi

252 4469 389 4518 cunctae
413 4470 522 4542 partes
549 4450 814 4544 interpolationis
832 4448 967 4515 minime
989 4447 1337 4542 comprehenduntur,

252 4585 365 4635 tamen
398 4566 604 4661 reliquarum
639 4566 791 4659 exempla
827 4566 1042 4631 Trinummos
1077 4563 1214 4656 quidem
1244 4563 1340 4631 nulla

255 4680 463 4776 suppeditat:
492 4707 590 4775 quam
610 4680 756 4749 saboiam
778 4697 911 4772 praeter
926 4696 1201 4747 conamemoratos
1221 4704 1342 4747 versus
