2820 5332
236 633 310 707 520
554 657 595 696 rx.
646 654 689 695 os
715 649 1005 698 turuurottrtouu

160 908 163 917 ¹
236 830 301 900 tale
326 825 486 922 quiddam
512 824 693 915 ascriptum
719 848 807 890 esse:
848 839 962 889 utrum
985 820 1039 888 ad
1058 828 1247 889 aratrorum
1273 849 1333 892 an

235 948 285 1014 ad
309 949 523 1013 inimicorum
543 957 679 1033 partam
701 944 924 1033 perveniunt:
958 937 995 1004 id
1019 958 1129 1006 autem
1152 939 1243 1007 male
1270 968 1331 1009 se.

210 1061 307 1131 ‘duli
344 1061 456 1151 inepta
492 1058 673 1124 mutatione
706 1058 742 1121 in
777 1054 931 1124 versiculi
960 1057 1111 1148 speciem
1141 1054 1330 1131 redactum

234 1194 382 1270 putetur.

356 1287 445 1374 Quid
468 1303 576 1354 autem
602 1287 668 1353 iam
694 1286 972 1353 coniunctorum
997 1285 1139 1351 insiticio
1165 1285 1231 1352 hoo
1261 1286 1330 1354 adq

235 1404 419 1474 ditamento
443 1427 539 1469 versu
562 1401 645 1468 fiat?
686 1401 739 1468 cui
771 1425 834 1468 nec
859 1417 985 1467 servata
1011 1425 1078 1466 nec·
1101 1398 1210 1465 deleta
1234 1419 1325 1466 sunt

233 1521 352 1589 vocula
392 1535 536 1595 metrum
574 1535 710 1583 coastat
772 1514 919 1582 Beckero
957 1516 1047 1581 enim
1081 1540 1159 1581 eave
1199 1516 1328 1585 credas

233 1636 350 1704 Plauto
377 1633 494 1728 dignos
520 1652 586 1700 tam
611 1630 800 1699 inconditos
814 1649 967 1697 accentus
993 1655 1080 1697 esse:
1104 1655 1248 1723 quorum
1264 1628 1324 1697 in-

235 1756 343 1843 genia
368 1767 471 1842 atque
487 1733 630 1818 'animis
664 1771 736 1812 nan
758 1770 896 1838 possum
928 1740 1077 1812 uiscera.
1132 1748 1204 1830 Qui
1241 1773 1324 1823 cum

235 1867 324 1935 sacili
345 1867 477 1959 negotio
505 1862 680 1932 emendari
704 1885 759 1930 aut
780 1864 830 1930 sio
853 1863 994 1953 possint:

365 1975 519 2073 Quonim
543 2003 615 2046 non
637 1967 775 2070 pulsum
800 1971 944 2068 inge'nia
967 1992 1069 2079 atptie
1094 1964 1229 2044 tiniam
1254 1975 1324 2044 ηοὶ.

918 2081 928 2111 Ι

828 2117 950 2162 scere:

238 2232 294 2283 aut
318 2216 389 2282 sie:

364 2330 517 2420 Quorum
541 2325 675 2393 daimor
700 2319 803 2419 (itque
821 2321 964 2416 ingdnia
984 2323 1083 2388 haud·
1095 2316 1231 2415 pdssum
1251 2320 1320 2387 πό·-

822 2465 935 2506 scere:

239 2560 330 2646 (nam
355 2561 421 2627 hoo
443 2562 517 2652 ipso
543 2558 666 2626 ordine
695 2557 817 2626 eadem
849 2561 985 2626 nomina
1017 2555 1179 2624 collocata
1208 2555 1323 2623 habes

238 2677 358 2742 Bacch.
384 2676 443 2755 111,
467 2679 500 2755 3,
526 2674 589 2744 90:
628 2675 864 2754 Mnesilocho,
891 2675 956 2739 hor
981 2692 1094 2740 tecum
1115 2694 1186 2750 oro,
1213 2687 1251 2735 ut
1278 2671 1321 2736 id-

239 2792 304 2859 tius
330 2795 480 2858 animum
504 2807 605 2882 atque
629 2794 806 2881 ingenium
825 2788 957 2881 regam)
980 2808 1090 2856 tamen
1110 2787 1209 2880 longe
1223 2786 1325 2853 aliam

240 2909 276 2972 in
298 2908 383 2972 viam
407 2905 562 2973 videmur
585 2907 798 2973 Ambrosiam
823 2906 948 2973 codicis
976 2906 1136 2972 memoria
1161 2902 1259 2981 duci,
1286 2903 1325 2966 iu

243 3046 311 3115 quo
349 3039 400 3088 est
431 3045 845 3102 aroumuosoouoscuuu.
895 3023 1067 3116 Apparet,
1098 3045 1163 3086 una
1195 3017 1327 3110 syllaba

245 3137 330 3205 forte
355 3138 605 3230 praetermissa,
630 3136 772 3204 voluisse
798 3137 970 3204 librarium
996 3141 1133 3203 arsimos-
1155 3159 1267 3226 neq-u
1277 3159 1327 3199 eo

217 3248 395 3319 'noscere
451 3250 615 3345 Idemque·
647 3277 710 3345 pro
742 3277 814 3318 non
835 3277 973 3345 possum
1002 3254 1066 3318 iam
1097 3267 1327 3344 proposuerat

244 3367 425 3434 divinando
447 3367 635 3447 Acidalius‚
670 3367 839 3461 amplexus
876 3388 926 3436 est
947 3367 1073 3451 deinde
1098 3365 1265 3433 Bentleius
1290 3366 1325 3430 in

244 3485 323 3548 Ter.
350 3480 497 3574 Adelph.
525 3485 583 3562 ΙΙΙ,
614 3491 644 3562 1,
675 3488 730 3552 10.
790 3485 921 3551 Verum
945 3484 998 3550 his
1025 3482 1163 3576 quidem
1187 3499 1328 3572 praesto

245 3614 315 3664 erat
339 3600 380 3663 ab
405 3598 499 3665 initio
526 3623 642 3664 versus
667 3615 747 3665 sunt
769 3599 904 3692 syllaba,
929 3625 992 3691 qua
1020 3601 1138 3664 omissa
1163 3597 1230 3662 ruit
1254 3621 1327 3661 me-

245 3731 343 3780 trum.
393 3712 484 3780 Nihil
521 3713 670 3780 dicerem
708 3713 888 3805 proclivius
917 3739 1016 3807 quam
1044 3739 1062 3778 e
1092 3727 1174 3778 sitiat
1200 3735 1329 3776 eruere

244 3845 297 3898 set
321 3828 517 3922 particulam
540 3827 584 3895 ad
608 3833 802 3897 seutentiam
832 3829 930 3923 longe
957 3830 1158 3922 aptissimam
1184 3843 1218 3893 et
1243 3824 1328 3902 alibi

247 3969 382 4038 quoque
407 3969 483 4011 aum
507 3962 588 4011 sunt
616 3945 732 4012 vocula
758 3962 998 4038 permutatam,
1024 3946 1087 4010 nisi
1113 3942 1254 4036 quidem
1275 3943 1327 4007 in-

247 4058 490 4153 elegantissima
514 4061 559 4126 ita
586 4079 619 4127 et
648 4061 785 4128 molesta
824 4061 975 4128 eiusdem
1004 4059 1188 4154 particulae
1224 4061 1325 4125 itera-
1371 4096 1375 4105 ·

249 4175 295 4242 tio
322 4177 483 4242 oriretur:
505 4192 586 4242 sunt
610 4201 694 4270 quos
718 4181 890 4270 suspicor,
912 4175 994 4242 sed'
1013 4201 1156 4268 quorum
1180 4177 1330 4265 ingenio

245 4306 351 4383 atque·
384 4295 517 4356 animos
542 4317 672 4386 ›tequeo
697 4317 839 4360 noscere
846 4321 858 4370 ,·
889 4292 967 4360 sed
997 4308 1034 4358 tu
1064 4317 1109 4358 em
1140 4295 1260 4357 amicir
1295 4315 1330 4362 e„

250 4428 284 4496 q.
309 4429 346 4484 s.,
373 4405 479 4498 qualis
506 4408 609 4476 oratio
632 4432 700 4478 non
727 4407 859 4475 videtur
884 4411 919 4475 in
945 4407 1128 4475 Plautinam
1153 4406 1332 4474 concinni·

249 4536 349 4589 tatem
376 4515 509 4590 cadere.
572 4524 614 4589 Et
645 4507 756 4590 tamen
789 4525 897 4617 aliqua
925 4523 1123 4594 adversandi
1146 4521 1328 4616 particula,

247 4651 285 4701 ut
305 4634 369 4702 sed
393 4635 447 4704 vel
473 4653 597 4718 tamen,
624 4663 725 4732 aegre·
745 4665 916 4708 caremus:
952 4641 1024 4708 sine
1050 4665 1114 4732 qua
1139 4636 1333 4729 languidio-
