2820 5332
1076 390 1081 402 Ι

499 748 533 794 tt.
561 749 603 791 ne
629 749 756 798 tertre
780 749 907 794 rutum.
1199 726 1247 798 49
1330 752 1332 757 ’
1375 766 1377 771 ’

157 923 337 1009 (Varronis
361 922 463 1000 enim,
491 944 560 988 nou
585 921 685 989 Attici
712 919 858 989 calculos
884 924 1001 990 nescio
1025 946 1108 1015 qrros
1136 942 1169 988 et
1191 924 1249 991 Ci-

158 1063 242 1105 cero
269 1037 423 1130 sequitur
448 1053 483 1101 et
509 1053 639 1103 secutus
667 1055 718 1102 est
741 1039 814 1129 ipsc
840 1029 1002 1122 Atticust)
1043 1063 1106 1104 una
1139 1040 1249 1130 impe·
1309 1121 1314 1130 ‚

159 1151 211 1217 dit
234 1151 348 1217 addita
363 1155 473 1238 fere
499 1149 635 1231 vocula,
668 1176 755 1244 qnae
786 1151 867 1218 illuc
894 1155 1005 1245 potins
1036 1153 1125 1219 valet
1149 1177 1250 1246 quom

162 1265 206 1332 atl
232 1284 384 1332 veterum
411 1263 455 1330 de
481 1267 609 1356 primae
636 1265 766 1332 fabulae
784 1269 937 1333 Livianae
956 1269 1165 1358 temporibus
1181 1267 1249 1333 ‹lis-

161 1382 384 1472 erepantiom‚
423 1405 510 1471 quoe
546 1395 579 1445 et
604 1381 729 1446 Mureti
755 1384 850 1451 niens
878 1382 939 1446 suit
962 1400 995 1447 et
1016 1383 1078 1447 nisi
1105 1381 1251 1446 fallimur

162 1492 356 1561 Gernbnrrli
391 1494 427 1558 in
461 1495 533 1560 Cat
569 1495 645 1558 mai.
673 1519 707 1586 p.
732 1491 789 1564 94.
839 1496 962 1562 Vrsiuo
996 1513 1106 1560 autom
1141 1497 1252 1584 ipsum

160 1607 249 1674 illud
272 1626 361 1673 taxtv
382 1612 417 1677 in
443 1625 557 1674 vetere
583 1632 643 1674 suo
664 1606 753 1674 libro
776 1634 835 1675 ms.
862 1633 935 1675 esse
958 1610 1088 1675 testanti
1114 1606 1253 1675 difficile

163 1723 265 1788 suerit
290 1721 442 1802 credere,
469 1723 664 1813 praesertim
690 1748 765 1788 curn
792 1747 860 1790 non
885 1750 985 1795 toxuu
1009 1722 1070 1789 sed
1095 1742 1183 1787 toxrv
1206 1724 1254 1791 al-

165 1838 257 1918 lerot,
284 1856 461 1931 praetereo
489 1839 587 1904 etium
613 1835 730 1903 docuit
747 1861 811 1932 pro
829 1837 927 1904 dedit
949 1855 982 1905 et
996 1839 1175 1906 Centhone
1191 1864 1254 1930 pro

166 1952 272 2021 Caeci
283 1952 387 2044 filio:
402 1953 535 2044 'quibus
559 1952 661 2017 rebus
688 1955 841 2020 omuibus
863 1977 931 2020 non
958 1953 1178 2020 mediocriter
1197 1980 1255 2018 uu-

164 2079 261 2160 g'etur
285 2068 442 2160 suspicio.
493 2064 563 2136 Nisi
599 2066 738 2159 quidem
768 2067 882 2135 dedite
909 2093 1014 2162 opera
1048 2071 1089 2134 nb
1122 2070 1255 2135 novicio

166 2181 303 2248 librario
343 2178 563 2271 interpolatus
597 2179 655 2249 illc
698 2181 786 2248 liber
824 2183 932 2248 fuerit
981 2184 1105 2249 Cicero
1148 2202 1257 2250 nutem

167 2297 264 2367 etiem
288 2297 383 2360 Bruti
408 2295 429 2360 l.
457 2321 485 2361 c.
512 2297 550 2364 C.
578 2296 737 2363 Cornelio
765 2300 805 2382 Q
832 2295 977 2365 Minucio
1007 2300 1083 2367 Cos.
1107 2299 1142 2363 h.
1170 2323 1197 2364 e.
1227 2325 1257 2365 a.

166 2409 239 2480 556
261 2410 405 2474 Ennium
429 2412 564 2488 scribit,
598 2436 641 2477 ne
672 2409 784 2476 addita
817 2411 956 2503 quidem
972 2416 1061 2499 sere
1084 2412 1258 2504 particula,

167 2547 253 2587 xxxx
279 2547 384 2591 annos
409 2542 521 2589 notum
544 2524 669 2605 fuisse,
697 2551 771 2592 cum
799 2525 944 2592 deberet
968 2537 1095 2592 xx‘xxu:
1123 2526 1258 2592 similio-

168 2663 235 2728 que
268 2635 359 2728 opud
392 2639 501 2729 ipsum
540 2640 738 2706 Ciceronem
774 2639 835 2704 ulia
863 2657 986 2711 extant.
1034 2639 1150 2721 Qualia
1177 2664 1259 2731 pro-

167 2751 256 2818 fecto
279 2776 348 2818 non
371 2771 448 2818 sunt
474 2750 692 2848 σφάλματα
714 2750 917 2843 μνημονικὰ
944 2753 1096 2820 dicenda.

674 2971 704 3058 ς.
732 2974 765 3038 e.

270 3118 400 3211 Itaque,
425 3136 463 3183 ut
482 3121 548 3185 inm
570 3135 758 3183 reveretur
783 3118 900 3194 oratio,
913 3117 1021 3183 Ennio
1046 3100 1124 3182 notu
1150 3119 1260 3185 minor

170 3231 303 3298 Plautus
329 3231 411 3297 nibil
437 3231 586 3324 scrupuli
612 3232 728 3298 iniecit
751 3232 897 3310 blureto,
928 3232 1074 3311 Diuisio,
1108 3229 1260 3309 Peurcio,

168 3347 333 3427 Ernestio,
359 3344 587 3426 Lallemanuo,
613 3344 700 3411 aliis:
726 3344 785 3413 sed
808 3345 1261 3413 summaeollensioniiuter-

169 3461 323 3550 pretibns
350 3461 504 3527 omnibus
531 3460 674 3527 socintns
701 3484 777 3525 cum
803 3458 918 3525 Plauto
932 3459 1077 3526 -Noevins
1102 3459 1173 3537 fnit,
1199 3483 1262 3525 ne-

170 3597 238 3662 que
261 3571 297 3638 id
323 3575 502 3642 immerito.
540 3575 635 3641 llunc
663 3575 751 3638 enirn
776 3596 845 3639 non
871 3573 995 3640 Cicero
1024 3591 1149 3638 tontum
1172 3577 1261 3640 Brut.

171 3684 263 3764 XIX,
278 3687 334 3755 75.
347 3682 394 3755 76
419 3689 512 3753 novit
526 3686 635 3751 Ennio
663 3687 898 3778 antiquiorem,
926 3685 987 3751 sed
1015 3704 1171 3778 quattuor
1186 3707 1263 3778 post

171 3796 315 3865 Ennium
341 3819 464 3867 netum.
481 3802 575 3867 anuis
600 3801 632 3864 h.
658 3825 685 3865 c.
707 3801 748 3867 V.
763 3801 801 3867 C·
828 3802 901 3870 518
916 3800 1064 3887 fabulas
1086 3801 1179 3892 oprul
1199 3824 1263 3892 po-

169 3911 284 4000 pulum
315 3910 450 3978 dedisse
477 3912 605 3979 Gellius
630 3912 747 4004 prodit
772 3914 880 3992 xvtl,
911 3917 967 3980 ‘ll-
1020 3917 1094 3979 Huc
1120 3913 1263 3994 accedit,
1318 3899 1320 3903 Ι

172 4023 263 4114 qnod
290 4025 438 4092 eundem
466 4013 634 4119 stipendia
660 4026 780 4093 secisse
816 4025 908 4093 bello
940 4014 1067 4093 Punico
1093 4027 1201 4118 primo
1229 4044 1265 4092 et
1313 4008 1318 4015 ¹

171 4138 273 4228 ipsius
301 4157 335 4204 ct
358 4140 521 4207 Varronis
547 4140 615 4207 lide
642 4139 733 4205 idem
750 4139 881 4206 Gellius
907 4158 1028 4217 nar-rut,
1055 4156 1264 4205 senectutem
1291 4139 1301 4153 ”

174 4270 281 4318 entem
308 4254 454 4347 attigisse
482 4256 601 4321 Cicero
636 4254 798 4346 siguificat
825 4254 895 4321 Cat.
921 4255 998 4318 mei.
1026 4254 1116 4333 xlv,
1142 4254 1189 4320 50
1208 4251 1263 4337 '):

176 4447 443 4463 -ι--ι-οι-η

232 4525 258 4590 ⁰)
279 4521 308 4574 to
326 4520 456 4589 quomodo
474 4539 490 4572 e
509 4521 642 4574 Ciceronis
658 4522 747 4574 verbis
766 4521 1015 4582 coemeteriorum,
1044 4520 1177 4573 docuimus
1198 4522 1262 4575 ttus.

274 4605 340 4674 phil.
361 4608 379 4665 Ι,
398 4624 422 4659 c.
442 4624 467 4675 p.
490 4609 532 4661 51.
569 4608 659 4676 Neque
681 4610 747 4659 onim
767 4607 822 4659 ullo
842 4607 918 4659 niodo
936 4607 999 4658 licet
1017 4609 1055 4659 rio
1072 4608 1117 4658 itta
1134 4609 1265 4675 interpro-

276 4695 334 4759 ttui,
352 4702 379 4748 nt
395 4694 522 4764 pridem
542 4695 656 4747 editis
683 4695 785 4762 seriptis
813 4693 926 4748 Naevius
943 4692 1101 4761 l'ltutn‘squo
1120 4695 1265 4762 cogitentur

1043 4787 1066 4855 t
