2820 5332
247 690 318 764 420
662 716 716 758 vn.
744 716 785 757 us
810 716 922 760 rusum

247 892 381 955 iteratus
420 886 557 979 proclivi
592 888 768 954 scribentis
806 886 911 979 lapsu.
968 886 1259 969 Quemadmodum
1297 894 1334 958 in

245 1007 320 1097 ipso
347 1003 451 1070 altero
466 1002 613 1068 Palatino
639 1024 705 1069 non
729 1027 854 1095 pancos
873 1026 988 1070 versus
1002 1005 1090 1070 inter
1111 1006 1334 1074 scribendum

245 1121 498 1212 praetermissos
511 1118 665 1184 librarius
681 1121 723 1183 in.
731 1119 932 1212 marginibus
953 1117 1092 1187 adiecit-t
1118 1121 1209 1187 unde
1226 1148 1329 1215 quum

246 1234 343 1301 facile
370 1236 410 1299 ab
436 1232 507 1300 aliis
533 1235 568 1299 in
593 1233 722 1299 subulae
737 1236 984 1301 continuitatem
1001 1237 1329 1307 inser-ielieuislocis

244 1349 433 1441 potuerint,
460 1373 527 1414 uon
554 1348 721 1440 estquod
746 1348 1088 1442 perueqnsrlongins.
1119 1353 1231 1445 Atque
1248 1374 1329 1446 per-

243 1489 360 1554 peram
386 1465 580 1529 iteratorum
601 1486 755 1528 versuum
788 1462 940 1556 exempla
963 1465 1096 1557 inipso
1121 1466 1325 1535 Bacchidum

242 1580 337 1644 initio
362 1577 498 1643 Pulmini
525 1576 601 1642 libri
629 1580 813 1670 praebent,
843 1577 902 1644 'in‘
923 1603 1066 1672 quorum
1097 1584 1202 1649 reteri
1236 1584 1262 1662 Ι,
1289 1588 1323 1660 Q,

242 1694 299 1762 60.
316 1691 360 1761 61
381 1711 488 1759 etsuo
514 1691 648 1759 locum
669 1683 745 1759 unic
765 1720 793 1759 v.
808 1695 855 1764 58
879 1696 996 1786 positi,
1026 1697 1061 1761 in
1083 1695 1189 1765 ulter-o
1214 1716 1324 1765 eutem

242 1810 269 1889 1,
298 1815 329 1885 1,
355 1811 399 1878 73
427 1827 461 1875 et
487 1806 533 1877 74
560 1809 607 1874 sic
629 1809 746 1900 scripti
771 1826 865 1874 snut:

390 1942 450 2006 Νᾶ
472 1952 508 2005 ut
534 1945 616 2006 navi
641 1957 752 2006 vectes
776 1938 880 2006 credo
919 1939 1041 2006 timide
1066 1966 1109 2007 es.
1142 1943 1321 2035 aliquantis

829 2036 953 2121 soror¹

390 2170 498 2238 Simul
522 2169 599 2236 liuic
633 2175 747 2237 nescio
773 2175 832 2265 qui
852 2169 991 2236 turbare
1015 2170 1138 2264 quilruc
1162 2177 1190 2240 it
1221 2173 1321 2241 deee-

832 2284 952 2351 damus

386 2401 445 2466 Νᾶ
467 2417 503 2466 ut
529 2404 650 2465 innavi
674 2416 785 2466 vectes
808 2399 911 2467 credo
939 2401 1061 2468 timide
1083 2426 1120 2470 es
1140 2395 1328 2497 aliquantu

825 2536 933 2580 soror.

238 2632 313 2721 Non
339 2632 440 2723 magis
467 2649 575 2696 nutem
601 2627 704 2696 altero
731 2651 868 2695 moveor
892 2629 1017 2696 Osanni
1043 2650 1256 2724 argumento,
1283 2652 1320 2701 ut

239 2744 409 2840 duplicem
435 2747 516 2812 mihi
554 2745 683 2811 subulae
717 2745 947 2810 recensionem
980 2745 1175 2837 persuaderi
1214 2750 1321 2840 patiar

238 2865 307 2930 sive
326 2864 366 2927 ab
386 2864 459 2954 ipso
473 2877 572 2953 poeta
591 2863 658 2926 sive
670 2861 779 2952 prisca
801 2876 908 2926 aetate
926 2859 1040 2926 dedita
1057 2861 1193 2954 quidem
1214 2886 1319 2955 opera

231 2962 274 3044 'et
300 2995 390 3045 certo
416 2976 554 3045 consilio
581 2976 708 3043 sactum.
762 2977 844 3040 Nam
873 2999 949 3041 sane
972 2978 999 3041 si
1018 2975 1183 3070 quaslibet
1205 2976 1257 3043 vel
1275 2978 1316 3043 li-

237 3095 424 3159 lutmiorum
451 3093 563 3158 turbes
591 3091 643 3181 uel
668 3090 846 3156 sciolorum
871 3091 959 3157 lusus
976 3090 1006 3177 *)
1042 3093 1169 3159 hebere
1197 3119 1318 3161 receu-

239 3210 367 3276 sionum
393 3210 425 3272 in
452 3231 593 3272 numero
628 3208 771 3270 animum
807 3205 997 3286 induxeris,
1034 3234 1095 3274 nec
1127 3233 1190 3301 ego
1222 3209 1315 3276 litem

238 3325 373 3391 Osunno
397 3346 524 3389 moveo.
559 3322 679 3412 Neque
694 3323 780 3385 enim
796 3320 857 3387 alio
882 3346 923 3399 ex
943 3322 1034 3388 fonte
1055 3346 1169 3390 corium
1187 3326 1220 3390 in
1236 3329 1316 3392 Bac-

240 3437 328 3504 chid.
355 3437 413 3515 lll,
439 3430 472 3515 ίΙ,
492 3435 614 3529 ilsqq.
646 3462 794 3502 versuum
820 3435 1048 3504 condicionem
1076 3456 1205 3530 repeto,
1231 3464 1315 3533 quos

240 3554 322 3619 infra
349 3553 463 3645 posui:

337 3671 465 3738 Verum
489 3691 588 3760 quam
615 3667 673 3732 illa
697 3690 844 3757 unquam
870 3665 913 3730 de
937 3675 1183 3759 merslpecunia

336 3785 506 3853 Ramenta
527 3784 594 3875 fiat
615 3783 749 3875 plumea
770 3786 983 3874 propensior,
1272 3790 1314 3853 15

337 3899 535 3968 Mendicum
561 3899 673 3964 malim
696 3890 924 3963 mendicando
948 3903 1093 3965 vincere.

337 4018 517 4108 Nunquam
541 4014 661 4105 edepol
687 4018 790 4080 vivom
818 4038 869 4078 me
895 4013 1068 4081 irridebit:
1092 4041 1173 4082 nem
1195 4016 1278 4083 milri

342 4134 556 4198 Decretumst
581 4153 801 4195 renumerare
826 4133 894 4193 ium
919 4153 1019 4196 omne
1044 4155 1163 4199 aurum
1183 4137 1286 4223 patri.

338 4248 456 4338 Igitur
477 4251 523 4311 mi
547 4249 646 4310 inani
669 4261 770 4337 atque
796 4250 892 4337 inopi
913 4246 1185 4314 subblandibitur

339 4363 438 4438 Tum,
463 4384 562 4456 quom
588 4361 693 4426 nihilo
716 4361 792 4453 plus
819 4357 883 4448 [ad
905 4388 1002 4429 suam
1025 4389 1095 4432 rem
1121 4359 1223 4457 istuc]
1263 4390 1318 4430 re-

821 4481 933 4564 seret,
1274 4482 1321 4548 ‘20

242 4629 321 4639 ..-.-
340 4630 353 4635 -
362 4629 534 4637 --ι-α--μ-

297 4727 325 4792 ·)
347 4720 454 4774 vberius
477 4722 528 4779 hoc
545 4736 628 4791 genus
643 4724 791 4776 universum
809 4723 877 4781 llius.
897 4724 932 4778 ΙΧ
953 4733 979 4776 et
997 4725 1054 4779 xlv
1076 4733 1256 4794 perimentum
1275 4736 1322 4779 est.
