2820 5332
391 686 420 729 v.
447 685 489 725 ue
512 681 618 727 terte
645 685 809 728 ratuvuui
837 686 1006 731 reueoae.
1174 657 1241 732 341

158 859 202 924 ait
238 873 272 922 et
309 874 437 924 certum
472 881 544 923 esse
575 873 608 922 et
639 859 873 927 necessarium.
921 857 1055 925 Deinde
1081 856 1174 952 quod
1201 856 1244 927 de

157 997 287 1040 morum
316 970 509 1064 corruptela
533 973 690 1038 maiorem
714 998 794 1039 sane
820 976 852 1039 in
882 974 1016 1042 modum
1044 999 1141 1066 quam
1165 973 1245 1040 alibi
1287 964 1297 975 ’

157 1106 258 1181 poeta
286 1089 438 1181 queritur
463 1089 559 1167 Tria,
584 1089 611 1167 Ι,
634 1094 664 1154 1.
708 1089 802 1168 ltu.
828 1087 862 1170 4,
899 1090 935 1156 id
956 1115 1024 1157 non
1049 1114 1150 1182 posse
1175 1109 1245 1156 uon

158 1203 199 1270 ad
227 1229 262 1269 ea
290 1220 444 1294 tempora
469 1202 588 1267 referri
613 1221 723 1295 putat,
757 1231 843 1297 quae
867 1226 1012 1272 extrema
1041 1205 1164 1270 suerint
1188 1229 1246 1270 ae-

159 1320 231 1384 tatis
252 1317 436 1389 Plautinae.
488 1320 662 1384 Praeterea
692 1343 761 1386 non
796 1323 942 1413 potuisse
968 1319 1042 1399 ilia,
1078 1343 1163 1412 quae
1199 1317 1244 1383 de
1320 1352 1322 1357 ¹

157 1435 279 1500 Arabia
306 1436 402 1500 Ponti
427 1453 523 1526 parte
550 1433 684 1500 Plautus
710 1436 839 1502 iocatur
864 1438 921 1516 IV,
946 1440 978 1515 2,
1006 1437 1066 1505 89:

255 1572 311 1618 ST.
342 1550 502 1617 Omnium
524 1554 671 1642 primum
696 1555 732 1616 in
751 1553 910 1618 Pontum·
926 1551 1063 1618 advecti
1083 1549 1132 1616 ad
1155 1543 1247 1616 Am*

753 1666 843 1732 bium
870 1684 1000 1734 terrum
1022 1691 1146 1733 suiuus.

259 1799 319 1844 cti.
344 1779 438 1855 Elio,

258 1890 317 1960 An
342 1899 446 1960 etiam
469 1893 634 1963 Arabiast
660 1903 696 1963 in
716 1897 858 1965 Ponto?
892 1920 946 1964 ετ.
972 1897 1055 1963 Est:
1081 1918 1153 1960 non
1175 1892 1246 1974 iiia,

761 2012 819 2079 abi
843 2031 897 2078 tus
922 2016 1097 2104 gignitur,

258 2124 319 2192 Set
347 2124 404 2191 ubi
425 2125 630 2193 absinthium
642 2127 694 2220 stt
720 2145 822 2220 atque
848 2128 962 2194 euntia
984 2128 1202 2218 gallinacea:

159 2240 244 2306 lutee
274 2242 374 2333 igitur
403 2265 471 2307 non
499 2244 647 2333 potuisse
682 2264 756 2310 ante
783 2241 908 2309 bellum
930 2243 1169 2309 Antiochinum
1194 2240 1246 2302 in-

160 2355 264 2448 telligi
290 2373 476 2448 argutatur,
513 2375 549 2422 ut
571 2384 638 2450 quo
665 2361 809 2451 primum
836 2359 912 2424 Asia
940 2359 1092 2424 Romanis
1120 2354 1248 2448 putesn-
1273 2430 1275 2435 ¹

160 2491 210 2538 cta
237 2473 421 2538 accuratius
447 2490 610 2538 terrarum
636 2474 768 2539 illarum
790 2475 870 2540 situs
896 2474 1108 2540 innotuerint.
1142 2471 1247 2536 Deni-

160 2614 227 2681 que
254 2586 354 2681 longe
383 2588 480 2654 etiam
507 2586 646 2655 ulterius
680 2589 899 2682 progreditur
931 2588 1087 2655 audaciae
1111 2585 1174 2653 -vcl
1214 2598 1250 2649 ut

161 2706 272 2770 verius
305 2701 414 2770 dicam
441 2705 636 2771 temeritatis
662 2730 832 2799 pravoque
858 2705 1009 2796 proiecto
1036 2703 1187 2769 acumine
1201 2723 1248 2777 ea,

160 2844 247 2910 quae
272 2842 409 2909 prorsus
448 2819 514 2884 siut
538 2818 769 2899 incredibilia,
808 2819 1068 2885 comminiscitur
1101 2842 1119 2881 e
1151 2815 1247 2880 Triu.

160 2933 185 3012 l,
211 2939 244 3012 2,
270 2928 319 2999 46
344 2957 436 3025 sqq.:

254 3050 344 3116 Nam
370 3072 463 3114 itanc
487 3072 552 3140 ego
576 3052 609 3114 si
633 3066 667 3115 to
692 3052 894 3141 surripuisse
918 3053 1069 3139 suspicer

260 3165 339 3231 lovi
361 3187 524 3228 coronam
549 3163 592 3229 de
618 3168 729 3256 capite
755 3189 799 3229 ex
825 3163 1009 3257 Capitolio,

263 3280 332 3369 Qui
352 3282 388 3345 in
417 3279 583 3346 columine
608 3297 701 3346 astat
725 3303 873 3346 summo:
911 3282 943 3344 si
977 3276 1015 3343 id
1050 3300 1122 3341 non
1143 3279 1247 3365 sece-

211 3470 213 3474 .
730 3399 951 3486 meus
1134 3404 1137 3411 ’

162 3509 218 3577 Sic
251 3510 337 3574 cuitu
367 3509 451 3576 haec
490 3511 602 3576 scribe
641 3512 762 3602 partim
795 3534 834 3574 ex
865 3509 1087 3576 Amba-osiana
1129 3506 1248 3577 codice

162 3627 282 3718 partim
307 3652 324 3689 e
351 3624 491 3692 Beckeri
519 3628 708 3694 coniectura
734 3624 777 3691 de
804 3649 887 3692 com.
912 3627 1003 3692 Rom.
1040 3626 1105 3692 sab.
1132 3650 1164 3716 p.
1191 3624 1249 3693 40.

164 3741 222 3805 liis
253 3759 364 3806 autern
399 3740 547 3809 Calliclis
585 3741 694 3808 verbis
728 3767 806 3809 cum
843 3739 1018 3832 quaelibet
1049 3740 1163 3831 inepta
1197 3733 1250 3805 vel

162 3856 249 3923 eden
276 3859 390 3923 insana
417 3859 600 3924 criminatio
626 3858 805 3951 significari
829 3858 896 3922 visa
923 3872 1022 3932 essct,
1051 3876 1189 3944 prorsus
1216 3868 1251 3917 ut

164 3976 199 4038 iu
226 3973 392 4039 simillimo
419 3973 717 4040 tleuaechmorum
743 3995 841 4037 versu
862 3970 903 4046 V,
929 3968 963 4044 5,
990 3967 1053 4036 38:

261 4088 310 4155 At
330 4110 394 4177 ego
409 4102 442 4151 te
457 4110 591 4152 sacram
604 4109 768 4153 coronam
782 4085 984 4173 surripuisse
1000 4078 1093 4150 lova
1106 4082 1176 4145 scio
1197 4075 1251 4164 ⁴¹).·

164 4209 367 4272 l'eterseuus
404 4202 542 4296 quidem
577 4221 687 4272 certae
719 4203 769 4267 rei
792 4225 876 4292 quae
899 4222 978 4264 vere
1004 4194 1168 4264 acciderit
1195 4217 1252 4263 co-

165 4321 356 4414 gitationem
395 4321 531 4384 subesse
574 4319 727 4411 opinatus
772 4331 829 4381 est.
891 4317 995 4398 Quam
1031 4335 1105 4377 csse
1139 4312 1253 4376 conie-

168 4437 212 4501 cit
252 4431 440 4522 Capitolini
469 4436 612 4520 furtum
644 4428 765 4501 Petilii
799 4427 904 4510 illud,
942 4428 1033 4495 cuius
1069 4427 1104 4490 iu
1137 4426 1251 4493 Horat.

168 4570 444 4621 ,.·,.....-...

223 4686 249 4747 “)
259 4679 325 4735 iton
344 4680 397 4733 scio
418 4680 494 4744 Ιουὶε,
511 4679 580 4749 quod
598 4677 725 4746 vulgatur.
744 4677 799 4733 scio
815 4673 945 4742 ascripti·
958 4669 1031 4731 libris
1042 4667 1160 4723 amnibus
1172 4665 1255 4723 aaut
