2820 5332
495 630 634 704 turrita
661 628 900 695 catarattula·
1167 606 1241 686 tot

155 803 283 877 Andria
306 804 401 870 binas
425 818 536 893 partes
558 798 720 869 habemus
745 800 788 867 ita
816 798 903 867 iuxta
927 799 1070 891 positas,
1092 816 1142 867 ut
1166 824 1235 869 nun

158 921 284 1009 possint
307 922 395 991 inter
420 942 455 985 se
480 913 550 983 ullo
574 933 669 1007 pactu
696 914 890 996 conciliari,
922 914 983 986 sed
1004 918 1103 987 ascita
1129 915 1237 986 altera

160 1055 331 1108 aversetur
353 1033 500 1106 alteram.
536 1031 836 1102 Verumenimveto
864 1030 928 1097 tale
952 1031 1142 1124 exemplum
1166 1035 1243 1102 An·

159 1151 253 1222 driac
279 1174 417 1244 prorsus
442 1147 612 1240 geminum
632 1144 701 1213 sola
718 1148 860 1239 praebet
880 1147 1100 1216 Poenulus
1124 1148 1244 1218 Plau·

161 1269 277 1347 tina,
313 1269 405 1343 ouius
441 1262 526 1331 duae
551 1287 672 1335 scenae
700 1281 867 1334 extremae
893 1288 932 1333 aa
958 1281 1035 1331 eunt
1059 1266 1244 1357 argumenti

164 1383 378 1477 aequalitate,
413 1397 449 1451 ut
474 1379 630 1453 alterutra
657 1397 780 1447 tautum
799 1380 946 1470 potuerit
969 1380 1004 1444 in
1028 1405 1128 1452 scena
1154 1381 1244 1450 reci-

165 1499 237 1574 tari,
287 1497 372 1573 Nam
399 1521 440 1567 ex
460 1496 534 1588 ipsa
556 1495 750 1587 antiquitate
772 1493 939 1586 proditam
956 1514 1130 1589 utramque
1156 1521 1245 1578 esse,

163 1631 198 1685 ct
222 1613 323 1687 verba
345 1611 594 1702 sententiaeque
622 1607 802 1680 ostendunt
835 1611 972 1678 minime
1003 1610 1084 1681 illae
1113 1611 1244 1704 impro-

161 1726 304 1808 babiles,
331 1727 513 1794 etuumcri
530 1723 665 1801 docent,
681 1722 796 1817 quales
812 1749 830 1791 a
848 1723 943 1792 nullo
963 1751 1111 1819 unquam
1132 1751 1243 1820 gram..

162 1844 283 1916 matico
308 1841 387 1909 sacti
412 1859 504 1908 sunt:
530 1859 705 1911 utcontra
729 1839 854 1932 siquis
880 1841 1013 1922 sentiat,
1039 1841 1088 1909 nil
1114 1845 1243 1913 sentiat.

162 1956 291 2032 Eadem
316 1973 426 2024 autem
448 1957 509 2024 hac
546 1955 664 2022 virtute
696 1952 869 2035 camilla,
901 1958 937 2027 iu
962 1940 1036 2050 'qua
1065 1957 1244 2028 iudicanda

161 2098 342 2151 versamur,
364 2071 512 2139 Andriae
538 2096 637 2138 scena
662 2086 824 2163 praestet,
850 2090 990 2164 apparet
1013 2098 1072 2140 cur
1093 2100 1113 2140 a
1134 2075 1244 2143 Grau-

164 2207 237 2265 crto
263 2188 360 2260 uobis
387 2185 652 2258 dissentiendum
673 2186 724 2265 sit,
751 2187 809 2279 qui
835 2187 877 2252 ab
894 2188 968 2280 ipso
985 2190 1145 2259 Terentio
1165 2215 1246 2283 pro-

163 2303 287 2374 fectam
309 2303 433 2370 iccirco
459 2303 590 2395 negauit
608 2329 642 2395 p.
668 2303 764 2385 203,
795 2300 888 2396 quod
915 2302 957 2368 ab
983 2303 1080 2374 huius
1107 2297 1246 2398 quidem

163 2420 339 2511 elegantia
363 2435 396 2484 et
422 2435 498 2485 arte
523 2417 702 2493 recedant:
729 2420 850 2512 quihus
870 2419 981 2485 verbis
1008 2418 1139 2489 videtur
1164 2446 1244 2491 saue

163 2560 322 2608 numeros
349 2553 382 2602 ct
401 2558 593 2624 ‚sermonem
619 2532 768 2605 voluisse
794 2534 991 2627 significare.
1026 2533 1111 2606 Satis
1134 2555 1247 2607 autem

165 2654 335 2745 diremptu
373 2648 513 2725 difficilis
549 2651 693 2742 cuipiam
723 2676 762 2717 ea
808 2651 963 2744 quaestio
989 2650 1163 2736 rideatur,
1201 2670 1245 2735 ut,

165 2784 278 2839 utrum
304 2764 436 2832 subulae
463 2766 585 2831 exitum
615 2784 714 2858 poeta
741 2767 850 2858 primo
885 2744 1024 2842 feccrit,
1057 2786 1168 2840 utrum
1190 2794 1247 2835 re„

166 2882 310 2976 probato
342 2879 448 2949 altero
471 2896 589 2972 postca
614 2878 789 2960 adiecerit,
829 2879 1030 2973 exploretur.
1093 2884 1246 2976 Vtraque

171 2997 259 3065 anim
285 2996 398 3090 opinio
424 3011 535 3089 potest
557 2993 716 3087 profeant
736 2994 826 3063 haud
852 2995 1052 3090 spernendis
1071 3023 1247 3092 argumen-

168 3112 208 3183 tis
234 3112 466 3190 incremati,
492 3129 541 3190 ut,
568 3108 652 3203 quid
677 3113 887 3204 potissimum
913 3136 1074 3207 sequare,
1099 3115 1247 3184 incertus

167 3227 312 3300 haereas.
364 3224 488 3311 Quidni
515 3225 603 3299 euim
627 3229 829 3308 Terentina,
854 3225 1045 3300 desiderari
1070 3253 1168 3320 passe
1193 3227 1247 3297 rel

168 3340 254 3417 adeo
281 3340 466 3415 desiderari
496 3341 640 3411 sentiens
669 3342 862 3412 uberiorem
889 3341 932 3411 de
962 3343 1099 3417 Charini
1124 3345 1248 3437 nuptiis

170 3458 436 3551 expositionem,
463 3459 591 3528 reiecto
619 3459 677 3550 qui
698 3459 798 3533 ciniis,
819 3459 930 3527 brevis
955 3458 1124 3527 videretur
1150 3462 1248 3541 exitu,

166 3571 279 3666 paullo
319 3572 516 3666 ampliorem
553 3576 587 3651 in
625 3573 715 3645 illius.
751 3573 863 3647 locfftn
899 3596 1014 3669 postea
1048 3575 1247 3648 suil'eccritil

172 3690 295 3759 Contra
322 3688 406 3783 quid
432 3691 555 3771 obstat„
597 3692 774 3784 quominus
799 3718 817 3759 a
842 3692 1010 3783 principio
1031 3693 1136 3762 lactus
1164 3692 1247 3756 ube·

171 3805 240 3876 rior
266 3807 370 3878 exitus
394 3808 460 3898 ipsi
484 3824 600 3898 postea
635 3825 754 3899 poetae
781 3806 1013 3897 displicuerit?
1047 3808 1249 3897 praesertim

172 3919 302 3993 carnin
328 3946 367 3987 eo
390 3922 475 4002 sint,
502 3948 589 4015 quae
615 3924 736 3992 merito
762 3920 974 4012 displicuisse
998 3937 1030 3986 et
1055 3921 1089 3985 iu
1113 3921 1249 3991 brevius

172 4034 417 4107 contrahendae
458 4038 686 4129 catastrophes
724 4039 843 4109 iustam
879 4061 1024 4107 caussam
1051 4039 1249 4129 praebuisse

171 4151 272 4226 dicas,
321 4154 431 4244 Atque
455 4152 520 4231 hoc
546 4154 656 4247 ipsum
682 4169 731 4223 est
757 4152 936 4231 eiusmodi,
962 4171 997 4226 ut
1021 4154 1156 4221 omnino
1182 4178 1250 4223 non

172 4269 215 4334 de
244 4266 371 4360 duplici
398 4258 500 4361 op‘era
524 4270 619 4334 unius
640 4287 787 4361 poetae,
828 4268 889 4334 sed
916 4267 959 4335 da
985 4267 1115 4339 duobus
1141 4272 1249 4362 poetis

174 4382 384 4475 cogitandum
408 4407 480 4455 esse
507 4385 605 4459 nobis
628 4408 763 4479 quoque
788 4385 1058 4478 persuaserimus.
1085 4385 1169 4456 Sunt
1191 4411 1250 4452 au-

174 4517 241 4564 tem
265 4498 331 4565 dno
354 4500 560 4591 potissimum
583 4524 671 4592 quae
698 4499 878 4567 offendant.
905 4502 990 4568 Nam
1016 4501 1161 4592 primum
1180 4503 1250 4581 etsi,
1340 4562 1344 4573 ,

174 4640 257 4712 quac
285 4643 302 4682 a
328 4641 356 4682 v.
383 4615 432 4688 '12
457 4614 621 4690 Charinus
647 4614 814 4714 loquitur,
842 4618 869 4689 si
892 4642 958 4715 pcr
988 4643 1024 4688 ae
1051 4636 1253 4712 spectantur,
