2820 5332
222 682 293 753 396
631 711 687 756 vu.
711 711 753 751 ne
777 709 893 752 rutrrr

220 878 304 947 taes
335 886 510 958 carusiua:
547 905 635 971 quae
670 905 741 947 nou
765 899 916 949 exstem.
963 885 1156 951 Limenes
1191 890 1300 953 viri:

219 1017 303 1086 quos
327 994 437 1061 dictos
462 1007 616 1063 aestumat
640 996 733 1089 quod
755 1014 911 1064 atterant
933 1014 967 1063 et
987 1017 1239 1066 coruumment:
1261 1019 1299 1068 et

219 1106 303 1176 troc.-
327 1108 477 1202 quibus
502 1114 661 1201 iugens
686 1116 730 1178 in
756 1117 896 1178 animo
922 1111 1063 1180 nobili
1090 1114 1301 1183 modicum

219 1225 317 1288 siue
344 1226 638 1293 vernulitate:
665 1244 699 1292 et
717 1227 788 1296 ,boc
809 1233 1144 1319 praenestinum
1167 1237 1302 1322 opino

214 1358 316 1418 osse
340 1343 407 1405 ita
431 1357 529 1408 erut
553 1342 755 1431 gulosus:
780 1343 864 1410 bueo
889 1347 1005 1410 omnia
1028 1343 1153 1410 desunt
1176 1349 1213 1411 iu
1236 1353 1301 1414 tri-

220 1455 264 1519 tis
292 1454 549 1546 exemplaribus.
610 1458 762 1549 Apparet
804 1460 1096 1526 vetustissimorum
1133 1458 1302 1530 editorum

219 1571 414 1636 sententiam
438 1571 525 1638 banc
550 1554 659 1652 luisse,
685 1590 721 1640 ut
744 1573 849 1640 ferme
874 1572 1044 1640 dimidium
1070 1593 1200 1667 partem
1216 1579 1301 1644 Bro-

219 1683 355 1751 chidum
378 1684 496 1753 deesse
522 1687 759 1767 existimarent,
786 1708 819 1755 et
842 1691 884 1757 eb
904 1689 997 1757 initio
1013 1689 1151 1783 quidem
1164 1707 1201 1758 nt
1216 1709 1298 1784 puto

218 1797 349 1867 fabulae
376 1799 513 1880 deesse,
551 1801 827 1894 quandoquidem
852 1802 909 1872 vel*
931 1805 1171 1898 Argumentum
1195 1808 1300 1873 versi·

218 1915 281 1982 bus
314 1916 502 1996 astrictum,
543 1940 609 2010 quo
639 1917 844 2011 reliquarum
871 1918 962 1985 nulla
987 1919 1173 1987 {obulorum
1198 1939 1300 2001 aeret,

221 2027 469 2098 desideraretur
493 2032 679 2124 oportebat
729 2032 801 2100 Nec
823 2031 1019 2125 discrepans
1044 2035 1094 2100 Pii
1125 2035 1187 2102 fuit
1210 2033 1300 2102 iudi-

220 2145 317 2214 cium.
340 2167 355 2186 ⁸
368 2146 433 2229 Qui
465 2147 527 2212 etsi
559 2147 710 2240 ambigua
747 2149 909 2215 sententie
938 2147 1143 2215 dimidiatam
1177 2173 1299 2217 vocare

220 2256 365 2327 tabulam
391 2259 498 2326 videri
524 2276 649 2352 potest:
675 2279 783 2329 umen
810 2285 851 2328 ex
875 2263 926 2342 iis,
954 2286 1039 2355 quae
1064 2262 1149 2328 inire
1168 2256 1228 2346 §4
1254 2262 1303 2329 af-

219 2374 385 2455 ferentur,
410 2373 604 2467 intelligitur
628 2400 696 2444 non
720 2375 785 2444 alio
810 2378 846 2443 in
873 2376 948 2444 loco
973 2378 1038 2444 nisi
1058 2379 1099 2444 ab
1118 2379 1210 2445 initio
1228 2402 1302 2443 mu·

222 2490 312 2557 tilam
337 2491 491 2557 habuisse
518 2489 614 2558 etad
639 2492 725 2559 hanc
749 2510 880 2584 partem
898 2490 1108 2584 deperditum
1128 2517 1241 2560 versus
1257 2493 1301 2560 ab

204 2606 331 2676 'Nonio
358 2626 503 2673 servatos
528 2606 701 2675 rettulisse.
728 2608 796 2676 Sed
822 2609 1023 2680 saracenum
1050 2632 1117 2674 non
1143 2609 1223 2673 item
1250 2623 1303 2673 est

222 2723 413 2812 ambiguum
439 2721 836 2814 aliquantumdirersam
861 2723 895 2786 in
921 2723 1117 2789 sententiam
1144 2720 1303 2788 dimidiu·

223 2854 277 2904 tus
301 2863 417 2907 vocem
442 2839 694 2930 interpretatum
721 2862 803 2914 esse.
829 2838 861 2903 Is
888 2837 978 2904 enim
1001 2863 1075 2905 cum
1098 2838 1306 2929 principium

222 2953 352 3021 subulae
379 2952 567 3034 desiderat,
607 2953 792 3044 significare
824 2951 929 3020 solum
954 2970 1181 3047 argumentum
1206 2951 1305 3046 vide.

223 3086 295 3155 tnr3
321 3093 396 3137 cum
421 3086 532 3135 autem
560 3070 658 3135 etiam
683 3066 753 3133 aliis
780 3068 816 3133 in
840 3067 922 3134 locis
947 3067 1120 3160 plerisque
1147 3065 1305 3133 dimidia.

223 3201 289 3251 tum
313 3182 438 3251 iudicat
459 3199 495 3248 ut
520 3180 668 3273 reliquas
695 3182 952 3275 subsequentes,
979 3180 1023 3248 de
1042 3183 1193 3248 universa
1221 3205 1303 3248 con·

225 3298 357 3368 dicione
382 3299 503 3392 cogitat
526 3299 752 3391 posteriorum
779 3299 843 3362 XII
877 3295 1143 3397 comoediarum,
1181 3320 1304 3388 easque

223 3417 258 3480 in
284 3415 455 3483 codicibus
481 3415 578 3505 peius
603 3412 731 3480 habitas
755 3413 926 3505 magisque
951 3438 1050 3505 quem
1077 3413 1206 3504 priores
1228 3424 1302 3497 octo

153 3512 155 3516 Α
223 3555 297 3599 esse
333 3528 463 3597 mutilus
502 3545 536 3594 et
560 3545 724 3595 truncatas
750 3528 952 3620 significavit.
1003 3525 1133 3596 Eodem
1167 3549 1304 3618 prorsus

222 3645 325 3714 modo
360 3644 402 3712 de
438 3644 542 3710 Plauti
570 3642 706 3730 fabulis
730 3642 916 3711 dimidiatis
945 3645 1009 3709 iam
1031 3643 1066 3707 in
1090 3641 1166 3709 edit
1193 3640 1302 3732 princ.

224 3761 332 3853 prees.
359 3760 491 3829 Merula
516 3760 645 3828 locutus
671 3775 750 3824 erati
801 3760 906 3840 Quem
932 3757 1128 3823 dimidiatus
1151 3754 1305 3823 vocabuli

224 3877 459 3970 significatum,
484 3893 521 3941 ut
544 3877 587 3942 sit
612 3871 808 3965 simpliciter
833 3872 982 3949 divisus,
1007 3890 1139 3947 sectus,
1174 3872 1236 3938 etsi
1263 3895 1303 3936 ex

222 3989 430 4059 Tertulliano
457 3991 589 4057 firmare
615 3986 703 4056 velle
728 3990 916 4081 Ducangius
942 3987 1074 4055 videtur
1091 3984 1200 4053 Gloss.
1217 3983 1303 4052 med.

223 4107 337 4172 etius.
362 4104 416 4172 lat.
443 4107 495 4186 ll,
520 4131 552 4197 p.
583 4101 692 4188 1506,
722 4121 832 4170 tamen
857 4103 981 4170 inillis
1008 4102 1145 4197 quidem
1173 4099 1305 4169 duobus

223 4219 393 4312 exemplis,
418 4245 503 4312 quac
530 4236 606 4287 suut
631 4217 673 4285 de
701 4241 801 4286 earne
828 4217 953 4284 Christi
978 4242 1006 4290 c.
1033 4218 1054 4288 5
1085 4214 1184 4309 (quid
1206 4213 1307 4282 dimi·

224 4332 300 4400 dius
326 4333 502 4399 mendacio
529 4332 740 4413 Cirristumi)
767 4352 801 4400 et
825 4333 896 4399 adv.
922 4335 1033 4403 Mmc..
1042 4334 1067 4413 1,
1085 4358 1112 4398 c.
1125 4328 1172 4403 ‘ili
1198 4325 1306 4420 (unde

224 4446 308 4512 haec
336 4447 528 4514 dimidiatio
564 4447 725 4527 salutisl)
762 4445 804 4513 de
836 4437 1145 4539 bipartita‘tum
1179 4444 1305 4512 Christi

223 4578 345 4628 natura·
369 4582 438 4630 tum
472 4563 584 4630 salutis
620 4561 815 4631 condicione
853 4564 967 4656 agitur.
1020 4565 1157 4628 Prorsus
1194 4576 1304 4626 autem

224 4674 388 4769 singulare
416 4694 474 4755 est,
501 4675 592 4769 quod
619 4678 688 4742 eius
716 4674 847 4768 prologi
873 4693 996 4753 auctor,
1023 4671 1066 4743 ad
1091 4699 1191 4768 quem
1216 4673 1303 4741 iudi·
