2820 5332
604 742 794 787 interme·
1191 740 1244 780 ΧΧΙ

160 910 386 1006 cnpletiorutn
413 912 512 979 iidem
540 933 710 980 auctorum
735 916 760 980 si
788 915 967 1006 sequimur,
994 931 1087 1005 capta
1116 914 1245 978 cstCo-

158 1013 289 1080 cinthus
317 1038 345 1077 a.
362 1009 445 1093 607,
471 1013 709 1106 triumphatum
736 1014 887 1105 proximo
914 1036 1012 1080 anno.

258 1124 294 1185 P.
307 1126 372 1185 239
398 1114 571 1204 proposito
597 1130 801 1206 argumento,
829 1136 895 1204 quo
918 1109 1034 1177 Aelii
1054 1109 1245 1176 Stilonis

159 1210 288 1278 natales
322 1211 417 1276 initio
452 1211 573 1278 saeculi
607 1213 742 1302 septimi
769 1212 918 1304 ascripsi,
950 1209 1042 1303 quod
1069 1210 1156 1275 circa
1183 1209 1248 1273 hoc

159 1312 274 1407 ipsum
300 1325 432 1399 tempus
457 1327 551 1376 natus
577 1304 725 1376 Lucilius
751 1308 873 1376 librum
899 1307 1046 1401 aliquem
1067 1307 1169 1374 Aelio
1188 1305 1249 1371 de-

162 1409 319 1483 dicasset,
348 1432 416 1472 nou
441 1409 605 1476 debebam
632 1427 756 1475 tantum
783 1410 942 1478 tribuere.
995 1410 1089 1484 Nam,
1122 1423 1158 1470 ut
1184 1429 1248 1470 nno

164 1505 326 1601 exemplo
355 1524 437 1596 utar,
471 1532 537 1575 uno
571 1527 604 1574 et
628 1509 741 1600 viginti
766 1509 859 1575 annis
884 1509 1005 1574 minori
1027 1509 1128 1572 Bruto
1155 1530 1250 1569 suum

163 1607 209 1674 de
237 1606 426 1674 oratoribus
451 1604 573 1674 librum
593 1607 715 1674 Cicero
741 1605 915 1672 dedicavit.
947 1613 1020 1692 Quo
1047 1622 1157 1671 tamen
1183 1626 1251 1668 non

163 1706 357 1799 infringitur
385 1704 513 1797 reliqua
541 1706 780 1797 argumentatio
806 1724 915 1772 nostra
944 1707 987 1772 ad
1014 1703 1146 1770 aetium
1172 1726 1251 1793 prr-

165 1806 286 1872 tinent.
301 1840 349 1853 -
363 1803 571 1870 Aelianas
595 1823 705 1871 autem
731 1796 898 1870 fabulas
914 1805 1017 1873 Plauti
1036 1803 1131 1868 XXV
1158 1800 1251 1885 (licet

167 1905 255 1971 enim
283 1903 564 1969 Varronianus-um
600 1902 754 1995 exemplo
780 1902 969 1995 appellare)
998 1900 1130 1970 ostendi
1151 1930 1180 1991 p.
1192 1915 1253 1972 126

170 2002 230 2090 (cl.
250 2018 359 2068 annot
380 2001 498 2093 pm)
526 2021 659 2096 praeter
684 2019 848 2093 quattuor,
872 2003 914 2068 ‹le
942 2004 1062 2096 quibus
1089 2024 1155 2065 non
1172 2023 1254 2065 con-

169 2118 244 2181 stet,
277 2099 411 2167 casdem
446 2128 516 2168 csse
548 2121 647 2193 atque
682 2103 770 2193 ipsas
794 2103 1016 2179 Varronianas
1042 2098 1133 2164 XXI.
1184 2095 1254 2165 Sed

169 2203 267 2268 etiam
298 2198 430 2266 illarum
466 2219 620 2293 quattuor
653 2198 769 2266 saltem
804 2226 867 2266 una
908 2203 1095 2267 etiamnunc
1121 2196 1254 2263 videtur

168 2301 357 2392 inrcstigari
384 2324 492 2391 posse,
510 2301 536 2365 si
552 2297 692 2364 eandem
706 2301 999 2380 ratiocinationem,
1026 2323 1123 2391 qnam
1140 2312 1253 2362 annot.

170 2415 279 2492 pm
304 2422 355 2490 sq.
378 2399 496 2465 Servio
523 2395 707 2489 Opilioque
734 2396 953 2478 adhibuimus,
990 2394 1253 2465 transtulerimus

172 2498 216 2567 ad
240 2496 382 2565 Aelium.
411 2501 494 2566 Nam
518 2499 543 2562 si
569 2514 825 2563 consentaneum
849 2516 898 2564 est
920 2524 937 2562 a
963 2497 1120 2563 Plautinis
1148 2517 1256 2585 gram-

175 2599 305 2664 maticis
333 2621 387 2661 eas
412 2597 618 2690 potissimum
645 2595 771 2661 fabulas
786 2615 936 2663 tractatas
951 2622 1031 2675 esse,
1059 2594 1101 2659 de
1116 2617 1256 2686 quarum

173 2695 242 2763 lide
276 2695 356 2787 ipsis
388 2719 584 2787 persuasum
611 2711 709 2774 esset,
740 2719 806 2762 non
831 2715 956 2762 temere
983 2694 1172 2761 ridebimur
1193 2714 1256 2781 pro

173 2794 313 2863 Aeliana
328 2793 356 2858 F
366 2819 410 2859 ae
421 2821 442 2860 n
453 2820 520 2859 era
531 2795 579 2861 tri
592 2819 675 2860 cem
701 2794 825 2859 babere
840 2811 980 2885 propter
992 2793 1084 2858 Festi
1103 2816 1139 2854 ca
1159 2789 1258 2855 verba

175 2920 262 2986 quac
284 2894 539 2986 perscripsimus
563 2922 594 2983 p.
608 2909 679 2966 366.
696 2929 742 2943 ·-
755 2894 845 2958 Festi
871 2911 980 2957 autem
1005 2894 1040 2956 in
1058 2889 1116 2956 illo
1135 2911 1259 2979 genere

176 2997 343 3070 universo,
378 2991 469 3084 quod
505 2993 674 3084 persecuti
706 3015 817 3058 sumus
849 3020 878 3081 p.
894 3006 964 3070 lto,
1001 3015 1041 3057 eo
1076 2988 1261 3081 graviorem

181 3107 319 3185 apparet
344 3091 569 3159 auctoritatem
597 3114 680 3170 csse,
707 3113 774 3183 qno
802 3092 947 3156 certiore
967 3104 1160 3182 argumento
1178 3085 1259 3169 (rid.

181 3209 293 3260 annot.
322 3188 444 3279 paor)
482 3188 691 3261 intellectum
725 3207 774 3256 cst
813 3186 1038 3254 Plautinarnm
1079 3185 1261 3278 glossarum

180 3289 398 3382 scriptoribus
417 3289 574 3354 Verrium
597 3313 672 3355 esse
699 3313 802 3355 usum.
816 3324 863 3336 -
877 3288 1036 3353 Ceterum
1063 3285 1162 3351 satius
1184 3282 1264 3347 duxi

182 3387 313 3456 silentio
342 3405 376 3454 et
399 3387 468 3453 illic
495 3404 527 3452 et
539 3415 569 3476 p.
580 3401 652 3459 358,
676 3403 738 3460 367
754 3389 1029 3477 praetermittere,
1058 3381 1150 3476 qnod
1164 3380 1262 3447 Aelio

183 3510 250 3554 non
270 3505 394 3553 tantum
411 3491 672 3551 commentarios
686 3485 728 3550 de
738 3484 876 3571 sabulis
889 3484 1071 3563 Plautinis,
1093 3480 1264 3547 sedetiam

184 3585 289 3652 libros
313 3584 356 3651 de
381 3585 502 3676 lingua
527 3584 639 3649 lutino
663 3584 714 3650 vel
738 3583 822 3650 adeo
848 3584 891 3649 de
915 3581 1264 3675 grammaticalatino

183 3687 224 3752 ll.
249 3687 408 3777 Meyerus
442 3703 475 3751 et
509 3683 578 3749 cius
603 3685 737 3775 vestigia
763 3708 919 3775 premens
949 3681 1137 3751 Ellendtius
1160 3680 1266 3746 tribu-

186 3802 283 3852 erunt
308 3785 342 3848 in
368 3783 440 3850 Cic.
464 3785 552 3848 Brut
577 3784 606 3871 §
634 3780 713 3851 169.

280 3895 387 3956 ΗΜ
413 3901 447 3949 et
470 3898 574 3972 pm
609 3905 692 3974 quos
724 3883 820 3972 posui
853 3903 1013 3948 annorum
1040 3877 1112 3947 645
1139 3894 1171 3942 et
1194 3873 1265 3942 609

184 3980 353 4050 aediles
381 3984 418 4049 C.
444 3979 644 4048 Cosconium
672 3998 704 4046 et
728 3983 768 4046 D.
789 3980 919 4046 lunium
941 3978 1089 4046 Silanum
1111 3976 1268 4042 Lucium-

185 4107 251 4176 que
270 4080 448 4148 Hostilium
462 4078 642 4157 Tubulum,
668 4103 725 4145 eos
748 4104 824 4146 sero
850 4077 998 4145 intellexi
1019 4072 1268 4144 commenticios

186 4206 259 4248 ease
295 4198 333 4246 ut
364 4178 445 4247 alios
470 4178 569 4273 longe
596 4177 757 4272 plurimos
780 4205 797 4244 a
820 4178 936 4270 Pigltio
963 4176 1107 4242 fidenter
1135 4171 1268 4237 effictos.

188 4280 290 4347 Ctssus
329 4281 390 4346 etsi
427 4302 469 4344 co
507 4279 541 4344 in
575 4302 696 4372 genere
725 4276 822 4342 valde
857 4277 1067 4342 temerariam
1102 4271 1271 4337 licentiam

186 4379 322 4465 minime
345 4378 547 4470 ignorabam,
579 4396 690 4445 tamen
714 4400 782 4441 non
805 4391 956 4466 putaram
982 4371 1123 4439 similem
1144 4368 1270 4435 libera-

187 4477 311 4545 litatem
347 4479 417 4544 eins
457 4476 538 4554 sore,
574 4478 631 4567 qui
662 4475 840 4566 Pigbianae
874 4471 954 4537 fidei
982 4496 1058 4538 acer
1093 4473 1271 4562 exagitator

190 4601 327 4644 exorsus
367 4577 450 4642 baec
484 4573 527 4640 tle
561 4600 598 4642 se
626 4573 794 4666 professus
822 4589 907 4638 esset
933 4570 1090 4638 consolita
1114 4570 1271 4637 orationis

187 4676 366 4772 elegantia:
408 4676 532 4767 Itaque
555 4678 696 4740 nomino
721 4677 759 4740 ιἰι
780 4661 951 4740 Aedilium
976 4695 1048 4738 non
1074 4686 1272 4736 notatarum
