2820 5332
244 644 317 714 570
561 669 602 710 tx.
644 670 697 709 ,ue
722 665 1012 710 tnrsnrottrtone

243 839 355 919 niano,
382 835 477 903 uides
502 841 633 902 mettani
656 840 690 902 in
711 837 902 912 Decumum,
917 832 1014 928 fides
1035 850 1183 901 mutetur
1207 838 1244 904 in
1271 838 1334 906 in-

243 952 414 1045 terpolatis
440 953 605 1043 Lipsieusi
629 968 662 1018 et
685 950 737 1017 ed.
763 953 927 1042 principe.
958 949 1026 1017 Sed
1050 976 1133 1044 quae
1159 949 1332 1020 librorum

242 1067 376 1158 vestigia
408 1085 498 1134 recte
528 1068 763 1157 interpretatus
797 1082 845 1132 est
870 1066 1101 1144 Camerarius,
1139 1090 1208 1132 nen
1243 1067 1331 1135 item

242 1200 333 1249 recte
360 1200 409 1247 est
434 1199 562 1247 tutatus.
613 1181 688 1248 Nou
712 1179 925 1273 Megaronidi
951 1178 1034 1246 haee
1064 1178 1141 1259 diei,
1167 1181 1230 1249 sed
1255 1180 1330 1250 illis

242 1294 374 1362 referri:
411 1296 501 1365 Milti
532 1294 667 1389 quidem
701 1296 814 1362 lterele
846 1319 917 1360 uon
951 1310 1002 1360 est
1035 1293 1127 1387 qued
1149 1295 1229 1363 dem
1249 1321 1329 1362 mu-

242 1426 345 1489 tuum,
371 1431 407 1478 ut
427 1413 461 1476 in
486 1410 665 1502 propatulo
693 1431 752 1487 est,
779 1413 822 1476 ita
847 1435 961 1478 omnes
987 1412 1205 1476 consentiunt¹
1251 1414 1330 1495 Qua

241 1527 342 1620 igitur
366 1529 522 1620 patientia
544 1526 700 1605 tulerunt,
726 1525 818 1618 qued
838 1550 906 1592 non
930 1542 1043 1617 petest
1060 1550 1126 1591 nen
1149 1524 1190 1592 ad
1213 1524 1328 1594 selum

243 1661 395 1734 spectare
421 1642 685 1734 Megaronidem‚
712 1642 807 1707 dieas
833 1642 972 1709 eides?
1006 1645 1059 1709 Au
1084 1642 1220 1707 Furium
1246 1639 1330 1710 Me-

244 1781 372 1823 mnona
406 1759 617 1848 iugulantem
653 1777 685 1824 et
716 1781 805 1823 cana
836 1761 912 1825 nive
937 1757 1041 1850 Alpes
1079 1775 1327 1847 competentem

244 1873 387 1941 animum
425 1873 628 1941 induxerunt
673 1876 706 1938 in
743 1873 949 1940 comoediam
982 1874 1181 1940 immittere?
1247 1876 1329 1940 Nou

242 2005 353 2079 potest
378 2013 451 2056 meu
477 1989 600 2056 iudicio
628 1988 693 2055 ulla
720 1987 883 2055 dubitatio
898 2013 979 2064 esse,
1005 1991 1084 2081 quin
1105 1989 1222 2056 tertiae
1243 2014 1329 2080 per-

244 2127 345 2169 sonae
371 2103 474 2170 lurma
511 2103 684 2171 Calliclem
716 2121 864 2170 utentem
897 2104 1015 2170 lecerit
1040 2123 1148 2196 poeta.
1211 2108 1328 2197 Atque

244 2214 371 2309 aliquid
388 2218 578 2286 huiusmodi
601 2221 742 2286 sensisse
756 2221 934 2287 Lambinus
953 2218 1105 2286 videtur:
1130 2245 1329 2311 quenquam

244 2334 364 2398 mirum
391 2351 441 2400 est
473 2333 585 2402 solum
614 2337 654 2400 ab
683 2359 721 2402 ee
748 2335 806 2400 det
841 2338 1049 2428 prepositum
1082 2362 1153 2402 esse
1186 2337 1330 2403 Grono-

244 2446 332 2512 vium
356 2467 524 2516 annotare.
575 2449 646 2519 Sed
675 2476 734 2544 age
758 2448 845 2516 adde
870 2449 964 2515 dicat
990 2476 1052 2543 pro
1079 2450 1172 2518 dieas
1198 2450 1329 2516 subsit.

244 2577 367 2630 tutum:
393 2589 436 2628 ne
460 2567 507 2632 sie
531 2565 670 2656 quidem
692 2567 815 2633 rationi
837 2567 1035 2634 satisfactum
1053 2565 1213 2634 concedo.
1238 2566 1331 2632 Nam

245 2702 321 2743 cum
346 2703 415 2747 nen
442 2705 523 2745 unus
548 2678 667 2771 aliquis
693 2683 816 2746 atnieus
844 2683 1021 2772 cogitetur,
1046 2684 1101 2773 qui
1129 2683 1331 2771 tergiuersa-

244 2806 336 2858 turus
359 2795 418 2871 sit,
445 2793 504 2860 sed
532 2819 569 2858 ea
595 2793 774 2861 infidelitas
799 2796 960 2860 tribuatur
983 2796 1155 2873 omnibns,
1183 2819 1330 2860 consen·

245 2922 379 2973 taueum
399 2926 456 2975 ‘est
480 2908 523 2974 ad
550 2934 665 2975 omues
692 2929 843 3002 spectare
871 2908 1019 2976 Calliclis
1045 2934 1254 3002 responsum.
1284 2912 1332 2977 Vt

245 3044 312 3088 uno
335 3024 439 3090 verbe
469 3023 596 3103 dicam,
631 3026 679 3105 si,
711 3024 803 3117 quod
831 3027 916 3091 ratio
943 3026 1092 3118 efflagitat
1118 3043 1151 3090 et
1172 3027 1333 3092 uniuscu-

245 3135 364 3229 iusque
393 3157 473 3231 puto
499 3164 615 3207 sensus
649 3143 789 3231 expetit,
820 3139 856 3204 id
882 3141 1014 3231 scripsit
1040 3157 1159 3232 poeta,
1186 3165 1332 3206 censen-

246 3251 308 3320 dus
335 3272 385 3323 est
407 3254 525 3323 dicant
556 3276 588 3322 et
614 3255 698 3322 dent
725 3255 880 3322 dedisse:
915 3257 981 3322 hec
1007 3275 1186 3322 utrorum
1213 3280 1331 3321 exent-

245 3368 341 3462 plum
367 3370 417 3437 illi
442 3373 720 3463 permutationum
736 3374 849 3463 generi
868 3370 1014 3449 accedat,
1041 3370 1131 3462 quod
1156 3388 1231 3435 aute
1258 3388 1334 3436 tan·

247 3484 413 3576 gebamus.
464 3487 628 3553 Acerhius
662 3504 769 3551 autem
806 3484 961 3551 Callicles
995 3483 1195 3576 respondet,
1229 3510 1332 3576 quam

245 3599 286 3666 iis
312 3601 415 3665 risum
442 3616 510 3678 est,
543 3603 601 3693 qui
635 3603 671 3666 iu
705 3601 791 3666 hane
825 3603 1023 3667 sententiam
1048 3602 1331 3690 interpretantur:

245 3715 295 3797 „si
321 3713 440 3783 nolunt
467 3735 617 3782 mutuum
641 3716 743 3795 dare,
782 3714 905 3782 vellem
933 3714 1050 3781 saltem
1076 3741 1188 3780 veram
1216 3713 1334 3780 detre-

249 3830 360 3898 ctandi
386 3856 532 3899 caussam
558 3859 600 3900 ne
630 3833 778 3900 celarent
798 3850 898 3924 atque
920 3831 1012 3898 nolle
1034 3857 1068 3896 se
1097 3833 1205 3922 potius
1229 3856 1334 3922 quam

247 3972 314 4014 nen
340 3973 440 4040 posse
467 3946 546 4014 dare
572 3951 786 4019 laterentut·“.
838 3948 942 4014 Immo
970 3965 1035 4013 tam
1061 3972 1096 4011 se
1124 3945 1191 4015 illis,
1208 3948 1333 4014 iratum

250 4062 405 4143 ostendit,
433 4066 478 4129 eis
505 4081 540 4129 ut
561 4064 647 4129 made
666 4080 835 4156 precetur:
863 4065 1010 4144 „utinam
1027 4064 1142 4128 verum
1159 4064 1210 4141 sit,
1236 4060 1334 4154 quod

249 4175 366 4244 dieunt
391 4177 473 4243 nihil
500 4179 563 4243 sibi
589 4182 714 4272 argenti
743 4181 836 4245 esse“
871 4180 902 4244 h.
931 4205 959 4245 e.
992 4227 1015 4257 „
1029 4180 1152 4245 utinam
1184 4174 1227 4241 ad
1256 4179 1335 4244 ino·-

247 4294 338 4385 piam
370 4292 499 4360 redacti
528 4296 608 4359 sint:
649 4295 713 4362 hee
747 4295 812 4360 iam
843 4295 925 4359 milti
957 4293 1078 4384 gratius
1110 4291 1258 4359 futurum
1291 4293 1337 4359 sit

251 4431 351 4499 quam
375 4409 531 4500 accipere
557 4406 809 4503 argentum“.*)
827 4443 875 4456 -·
892 4409 1062 4476 Summam
1087 4408 1187 4499 igitur
1212 4432 1338 4475 eorum

311 4662 338 4733 ⁴³)
358 4661 431 4713 Neve
449 4665 549 4715 radeire
566 4662 697 4729 vulgatum
716 4663 866 4726 scripturam
886 4660 1072 4727 Kampmannus
1092 4657 1125 4711 de
1148 4658 1188 4711 Aa
1208 4673 1336 4728 praepes.
