2820 5332
502 712 504 719 >
522 706 737 750 sacertodes.
1095 622 1167 756 ‘illl

88 879 278 948 hominibus
305 878 428 970 scripta
453 876 512 944 ille
536 877 645 946 codex
663 897 755 946 tenet
779 895 845 944 tam
870 876 998 964 ιιι-ι’),
1021 897 1057 945 ut
1071 880 1166 948 facile

87 997 258 1088 suspicere
283 1019 301 1059 e
328 1010 440 1060 vetere
466 994 557 1061 iente
582 993 770 1087 repetenda
797 1019 880 1074 esse,
905 996 941 1059 in
967 1013 1053 1062 tanta
1068 1022 1167 1088 prae-

87 1112 200 1177 sertim
227 1133 342 1176 corum
367 1107 570 1176 scholiorum
597 1109 827 1191 similitudine,
854 1135 939 1202 quae
966 1137 984 1178 e
1011 1112 1169 1179 Sisennae

90 1226 326 1292 commentario
363 1243 524 1316 excerpta
557 1250 658 1316 supra
690 1227 872 1318 composita
897 1225 998 1291 habes
1030 1253 1064 1318 p.
1086 1229 1167 1297 385.

90 1340 159 1408 Sed
186 1358 222 1407 ut
247 1339 340 1405 illum
365 1343 400 1405 in
426 1339 647 1410 Bacchidibus
681 1365 814 1407 versum
844 1342 912 1406 sive
937 1342 1075 1408 Sisenna
1097 1344 1168 1409 sive

91 1455 173 1523 alius
199 1455 344 1549 quilibet
369 1453 555 1522 desiderari
576 1457 611 1521 in
624 1455 823 1548 quibusdem
847 1456 1091 1549 exemplaribus
1118 1457 1170 1523 di.

90 1574 192 1640 xerit:
220 1570 302 1664 qaid
328 1569 463 1637 tandem
486 1569 567 1637 inde
592 1571 856 1639 consectarium?
906 1571 998 1636 Nihil
1019 1572 1170 1663 profecto

91 1690 221 1782 gravius
245 1711 344 1778 quam
373 1711 412 1752 ea
441 1709 499 1763 eo,
534 1685 626 1778 quod
651 1687 818 1778 inprime
843 1686 1043 1754 Bacchidum
1071 1713 1172 1756 scena

93 1827 177 1868 unus
201 1800 336 1893 quidam
360 1826 473 1866 versus
499 1801 551 1867 bis
577 1803 719 1894 scriptus
751 1821 818 1881 est,
856 1829 887 1868 v.
914 1799 979 1882 40,
1018 1805 1076 1896 qui
1104 1806 1171 1871 iam

93 1916 210 1983 aderat
233 1933 311 2008 post
347 1942 375 1982 v.
403 1918 465 1996 30,
508 1933 601 1984 recte
626 1919 741 2008 priore
768 1917 899 1983 subulae
925 1917 1001 1986 loco
1026 1922 1171 2012 expungi

93 2035 200 2098 iussus
225 2033 266 2097 ab
292 2027 583 2098 Acidalio'Divin.
610 2050 643 2097 et
671 2034 810 2124 interpr.
836 2034 871 2098 in
893 2035 1011 2099 bacch.
1050 2060 1121 2127 cap.
1150 2041 1167 2101 1

95 2149 152 2234 (in
176 2148 313 2215 Gruteri
338 2149 441 2214 Thes.
469 2149 542 2216 orit.
567 2148 627 2227 VI,
654 2173 687 2240 p.
719 2144 786 2219 194
808 2145 905 2241 sq.),
937 2166 1124 2240 expunctus
1153 2174 1172 2214 a

95 2263 222 2332 Bothio.
272 2265 325 2341 At,
351 2263 471 2355 inquit,
499 2263 575 2330 satis
592 2264 697 2354 gravis
711 2263 793 2331 baec
806 2266 877 2356 ipsa
891 2261 1022 2333 iteratio
1036 2265 1172 2331 Osanno

94 2381 161 2447 visa
186 2397 253 2455 est:¹
292 2395 328 2443 ut
359 2402 426 2471 quo
451 2378 556 2445 altero
591 2404 608 2445 e
642 2377 773 2445 duobus
804 2398 997 2470 argumento
1030 2378 1173 2449 demon·

94 2491 247 2560 strandae
273 2491 417 2583 duplicis
442 2493 647 2561 recensionis
673 2517 751 2558 usus
778 2494 827 2558 sic
866 2491 987 2559 Audio.
1027 2495 1173 2561 Verum-

94 2611 287 2687 enimvero‚
327 2625 363 2673 nt
388 2607 497 2673 simile
520 2632 622 2699 genus
651 2606 865 2687 contendam,
908 2611 1172 2704 quotusquisque

96 2726 237 2817 scriptus
272 2723 358 2789 liber
390 2741 440 2788 cst
475 2720 567 2788 velut
593 2722 798 2791 Graecorum
823 2739 996 2814 poetarum
1021 2725 1173 2791 scenico-

93 2866 184 2921 rum,
218 2841 299 2933 quin
331 2840 365 2903 in
392 2862 431 2906 ec
463 2855 519 2905 aut
551 2840 687 2905 omissus
721 2837 900 2930 aliquando
935 2864 1020 2906 unus
1051 2838 1171 2933 aliquis
1264 2884 1272 2907 ι

95 2955 276 3026 versiculus
301 2958 343 3022 sit
368 2956 495 3022 incuria
525 2953 738 3019 librariorum
749 2971 760 3012 ἑ
805 2953 919 3046 (atque
945 2955 1060 3023 abesse
1085 2955 1173 3023 salva

94 3073 258 3140 sententia
296 3069 355 3136 ille
387 3071 516 3162 potnit,
551 3069 610 3161 qui
645 3085 696 3134 est
725 3068 844 3134 Bacch.
866 3070 929 3147 ΙΙΙ,
955 3069 988 3150 6,
1018 3069 1076 3149 16,
1109 3097 1173 3141 nec

96 3189 241 3256 alienum
265 3187 330 3252 hoc
356 3208 461 3277 genus
482 3183 706 3276 negligentiae
732 3208 751 3247 a
772 3166 929 3250 Plautinis
954 3182 1048 3249 libris
1073 3185 1172 3253 fuisse

95 3330 170 3371 cum
208 3302 289 3368 alibi
326 3299 531 3368 ostendimus
565 3316 634 3364 tum
669 3296 928 3365 luculentissimo
971 3297 1172 3369 documento

96 3419 205 3487 codex
227 3418 408 3509 rescriptos
435 3415 673 3485 ambrosianus
700 3411 834 3505 ersten)
861 3434 996 3485 autnon
1013 3439 1072 3483 suo
1096 3415 1172 3486 loeo

200 3655 386 3726 simillimaque
404 3661 503 3712 ratione
519 3658 651 3727 vulgatam
667 3659 709 3723 Ν,
727 3658 755 3722 9,
773 3660 805 3713 16
822 3669 963 3728 genantur,
981 3661 1049 3727 qaod
1070 3669 1171 3727 praeter
1204 3712 1209 3721 ,

200 3754 341 3821 principem
366 3753 504 3807 editionem
524 3756 601 3831 etiarn
622 3754 701 3807 Vetus
729 3753 811 3807 codes
835 3753 932 3823 (sedis
956 3754 1066 3826 qenes)
1093 3763 1172 3818 noct,

198 3849 375 3915 corrigendum
395 3865 427 3901 ex
445 3849 582 3902 Decnrtsto
603 3849 782 3917 lipsiensique
799 3850 837 3898 sic
856 3855 909 3898 est:

290 3944 364 3996 iisse
382 3950 463 4014 ipsum
483 3947 576 3997 mes.
611 3943 678 4012 '1390
696 3960 751 3994 sum
775 3941 870 4004 vitrea,
892 3943 964 3992 coins
984 3941 1090 3993 consilio
1107 3941 1173 3995 bne'e

687 4045 787 4105 perant.

154 4141 182 4204 ·)
202 4137 233 4186 Vt
259 4135 354 4185 mittam
382 4136 497 4202 appictas
526 4137 731 4201 scripturae
756 4131 1024 4196 discrepantias
1052 4136 1170 4200 (quarum

199 4228 301 4297 quidem
322 4231 398 4281 etism
415 4231 496 4281 maior
513 4244 589 4297 quan
608 4231 634 4279 in
646 4229 784 4280 Decastato
801 4224 933 4278 multitado
952 4233 992 4277 est
1008 4227 1033 4276 in
1051 4225 1170 4296 Vetere),

199 4325 271 4375 scias
291 4338 358 4391 qnae
377 4326 568 4391 superscriptae
585 4331 645 4376 sunt
666 4321 944 4390 explicationes
963 4336 995 4371 es
1014 4335 1064 4372 una
1084 4321 1170 4373 fabula

196 4418 309 4469 afferam.
346 4417 437 4470 Bacch.
456 4420 499 4484 Ν,
519 4424 545 4482 7,
565 4418 596 4473 to
615 4419 715 4486 sasire]
735 4419 762 4468 .i.
781 4417 866 4479 sssds',
883 4416 951 4483 qood
970 4417 1069 4467 transiit
1086 4418 1112 4468 in
1126 4416 1168 4469 ed.

201 4513 283 4577 princ.
302 4511 344 4576 Ν,
362 4512 388 4576 8,
409 4513 453 4564 te.
473 4511 562 4586 isque]
591 4514 633 4564 dic
650 4515 693 4583 (eo
712 4513 778 4562 enim
797 4511 869 4562 valet
886 4510 976 4562 caiani
994 4527 1080 4563 errore
1103 4528 1169 4563 scn-

198 4616 268 4675 ptum
298 4609 360 4679 dio.)
391 4608 432 4672 Ν,
450 4609 476 4672 9,
496 4612 512 4660 2
529 4610 659 4674 mendum]
685 4623 734 4676 pro
755 4608 886 4658 munitam.
917 4607 959 4671 Ν,
976 4607 1002 4672 8,
1029 4607 1064 4662 60
1089 4610 1169 4659 ioiss

199 4711 278 4768 suan]
297 4703 358 4773 esf.
377 4704 458 4756 cetto
480 4718 510 4755 eo
529 4703 554 4755 b.
574 4718 598 4756 c.
618 4703 782 4772 insperatione
801 4701 926 4754 cessele
944 4718 980 4756 eo.
