2820 5332
234 704 305 777 534
551 730 593 772 tr.
645 730 697 773 nr·
715 727 1002 775 turraroutrtosr

234 903 336 970 sitelis
363 903 467 970 oratio
494 898 732 976 concludatur:
764 897 811 966 Iri
834 924 890 968 »ne
913 903 1165 965 commissurum
1190 917 1227 966 ut
1250 914 1316 993 p·-¹

234 1024 303 1085 tiar
318 1019 416 1111 ficri,
442 1040 486 1083 ne
511 1018 661 1082 animum
686 1013 873 1092 inducere,
898 1040 998 1107 quam
1013 1032 1120 1080 autem
1145 1019 1318 1085 concinne

233 1134 339 1202 ultimi
365 1133 432 1199 duo
459 1131 686 1199 altercantium
712 1128 975 1197 adulescentium
1002 1155 1173 1200 sermones
1200 1150 1318 1225 septe-

231 1274 350 1318 norum
375 1272 532 1315 versuum
556 1246 681 1312 ambitu
707 1264 944 1339 exaequentur.

354 1361 446 1430 Nihil
472 1363 537 1428 iam
562 1377 681 1439 restat,
714 1362 777 1427 nisi
803 1379 840 1427 ut
865 1358 908 1425 de
932 1361 1097 1453 scriptura
1122 1361 1314 1434 versasti?

232 1479 381 1558 dicatur,
415 1503 531 1570 parum
558 1476 614 1542 illa
640 1475 749 1542 adhuc
776 1475 942 1568 expedita.
992 1477 1042 1542 Ac
1067 1479 1210 1568 primurn
1238 1505 1320 1545 cum

231 1620 298 1689 per
323 1620 358 1661 se
388 1593 471 1661 levis
506 1591 658 1659 videatur
693 1617 780 1684 quae
807 1591 850 1659 ad
875 1607 990 1661 autem
1014 1591 1211 1684 particulam
1235 1604 1320 1687 spe4

234 1728 300 1778 ctat
322 1709 487 1776 librorum
512 1707 762 1800 discrepantia,
793 1725 905 1779 tamen
930 1732 999 1775 uon
1026 1725 1076 1775 cst
1100 1710 1319 1777 immemora-

176 1850 180 1871 ·
232 1825 310 1893 bilis
334 1821 659 1918 propterca,1quod
684 1840 792 1902 cestu,
820 1848 926 1916 eaque
953 1823 1175 1916 plurimorum
1202 1851 1316 1893 exem..

232 1941 368 2035 plorum
391 1942 536 2007 affinium
568 1940 754 2023 communi,
786 1939 916 2006 ratione
939 1939 1003 2007 hac
1033 1941 1245 2020 continetur,
1279 1962 1317 2012 ut

234 2082 416 2150 perperam
436 2058 628 2122 iteratorum
647 2079 725 2120 vera
748 2056 949 2146 scripturae
968 2073 1091 2122 neutro
1110 2054 1188 2123 loco
1207 2061 1318 2150 repeti

233 2175 339 2265 possit
363 2174 502 2266 integra,
529 2169 590 2237 sed
614 2170 805 2261 promiscue
832 2195 874 2236 ex
900 2188 1040 2264 utroque
1062 2174 1105 2238 sit
1130 2174 1316 2242 conllanda.

234 2291 318 2356 Nam
341 2287 368 2352 si
394 2313 411 2352 a
435 2288 563 2352 Vetere
591 2283 708 2350 codice
742 2287 944 2364 recesseris,
979 2288 1037 2378 qui
1068 2311 1119 2350 nae
1145 2304 1259 2352 autem
1285 2306 1319 2359 et

234 2403 389 2491 proximo
407 2418 511 2467 'versu
539 2398 623 2470 nailu'
646 2397 745 2477 solus,
771 2399 832 2465 sed
858 2399 909 2466 vel
934 2401 962 2465 is
985 2403 1169 2491 posteriore
1190 2403 1318 2470 tantum

236 2516 257 2581 i.
285 2541 315 2582 e.
339 2540 407 2583 non
432 2539 491 2581 suo
516 2513 592 2580 loco
619 2515 771 2591 servavit,
800 2513 924 2606 reliqui
948 2515 996 2580 ihi
1020 2513 1099 2580 libri
1127 2540 1243 2586 omnes
1262 2518 1318 2585 bis

236 2632 343 2723 posita
370 2629 531 2723 particula
564 2653 616 2694 me
652 2647 767 2694 autem
805 2648 839 2695 et
869 2631 952 2696 milti
979 2647 1093 2696 aretem
1132 2632 1320 2716 exhibent3

238 2770 299 2811 suo
324 2764 431 2812 autem
457 2747 479 2813 i.
506 2770 535 2810 e.
560 2745 674 2836 priore
700 2743 775 2811 loco
801 2770 856 2809 aare
882 2763 914 2810 et
937 2745 1022 2812 milri
1047 2748 1118 2811 sine
1144 2745 1212 2813 ulla
1237 2773 1318 2839 par,

238 2861 337 2929 tioula
361 2863 397 2929 in
423 2862 576 2929 omuibus
603 2876 729 2939 exstat,
764 2862 827 2926 nisi
854 2860 945 2952 quod
971 2863 1005 2925 iu
1030 2861 1082 2927 ed.
1105 2865 1214 2953 princ.
1239 2889 1320 2954 pec,

243 2997 349 3046 catum
378 2994 429 3042 est
445 2982 580 3042 'mecum
603 2992 638 3042 et
659 2976 749 3042 milti.
767 3011 814 3030 *-
840 2979 955 3070 Longe
980 2994 1089 3044 tamen
1114 2979 1245 3070 gravior
1270 2999 1319 3046 est

240 3096 284 3164 de
312 3096 485 3162 collutulet
506 3098 608 3164 verbo
636 3099 794 3190 quaestio.
830 3096 928 3181 Quod
946 3101 1021 3164 satis
1048 3100 1160 3163 mirari
1184 3124 1318 3190 nequeo

237 3214 480 3305 patientissimo
527 3211 693 3279 editorum
741 3213 911 3280 stomacho
954 3215 1119 3306 concoqui
1160 3215 1319 3304 potuisse.

239 3326 329 3411 Quid
363 3327 474 3395 enimi
510 3326 619 3393 ullane
641 3328 772 3394 ratione
797 3353 815 3393 a
841 3328 945 3393 lutum
970 3328 1044 3394 lieri
1080 3327 1234 3393 lutulure'
1257 3353 1321 3421 po-

238 3443 330 3509 test?
352 3445 406 3508 An
426 3444 579 3535 cuiquam
600 3446 634 3509 in
661 3463 806 3512 mentem
828 3445 941 3511 veniet
966 3444 1031 3511 hoc
1052 3461 1208 3536 tanquam
1236 3469 1320 3536 por*

237 3574 366 3623 tentum
390 3556 526 3649 aliquod
551 3561 644 3625 verbi
670 3559 889 3626 alutulentus
914 3559 1019 3626 forma
1042 3558 1193 3626 ducere?
1217 3562 1321 3627 Nori-

237 3695 310 3738 mus
339 3670 450 3738 lutare
486 3671 648 3753 verbum,
684 3675 725 3739 ab
761 3699 868 3768 eoque
894 3691 985 3742 recte
1014 3692 1113 3767 atque
1140 3673 1258 3740 ordine
1285 3676 1325 3741 sa

238 3786 396 3863 latitare,
417 3812 480 3854 nec
500 3787 578 3870 ulla,
604 3789 759 3858 simodo
787 3792 889 3883 sapio,
916 3815 986 3856 esse
1012 3789 1175 3857 dubitatio
1200 3808 1324 3882 potest,

239 3902 321 3996 quin
345 3927 415 3970 non
449 3902 644 3985 collutulet,
685 3905 748 3972 sed
780 3905 945 3972 cellutitet
978 3904 1111 3972 Plautus
1138 3906 1321 3997 scripserit.

237 4017 311 4086 Nec
336 4017 499 4090 librorum
524 4019 695 4112 praesidio
721 4020 939 4087 destituimur.
1000 4023 1084 4105 liam
1109 4019 1200 4112 quod
1227 4022 1324 4112 prin.

239 4159 320 4227 ceps
344 4133 447 4201 editio
471 4137 586 4227 priore
608 4136 685 4203 loco
711 4136 1007 4229 praebetcollutet
1032 4141 1106 4217 etsi,
1133 4135 1170 4202 id
1194 4138 1321 4204 rectius

239 4245 396 4339 dispestis
421 4249 539 4318 litteris
567 4251 650 4344 quid
677 4268 727 4317 est
750 4250 842 4317 aliud
866 4254 931 4318 nisi
957 4251 1123 4317 cellutitct
1147 4252 1198 4316 si?
1248 4253 1317 4320 Eo-

239 4361 388 4457 demque
423 4386 575 4458 spcctam
610 4367 741 4434 ridetur
773 4368 941 4436 Vrsiniani
975 4368 1091 4459 priore
1125 4366 1203 4434 loco
1240 4370 1328 4435 scri-

239 4496 338 4571 ptura
358 4481 468 4577 clarii
492 4486 565 4547 etsi.
618 4482 705 4550 Hinc
732 4482 864 4551 demum
891 4482 1044 4575 reliquae
1071 4482 1324 4575 discrepantiae

241 4612 332 4662 ortae
356 4597 494 4665 omnes:
521 4597 706 4681 qonlutulet
731 4603 796 4665 etsi
821 4598 873 4665 ed.
894 4601 999 4689 princ.
1023 4600 1208 4690 posteriore
1233 4598 1327 4674 loco,

245 4711 422 4784 contestes
448 4717 514 4786 etsi
536 4713 625 4811 Lips
642 4733 795 4812 utroque,
822 4715 1034 4784 conlutuleut
1059 4719 1133 4800 etsi
1144 4717 1218 4783 Vet-
1238 4717 1329 4786 Deo.
