2820 5332
10 39 1328 349 —

523 733 712 791 aurariam.
1088 750 1154 793 xvn

72 918 342 1012 anthologiorum
369 941 408 985 ex
430 920 632 1011 Epicharmo
654 935 886 1012 excerptorum
911 918 967 1006 (ci.
983 918 1156 988 Welckcri

74 1019 236 1112 Opuscul.
259 1019 298 1099 -l,
333 1045 365 1110 p.
391 1018 477 1102 342)
509 1023 578 1085 sive
615 1019 768 1086 conditor
802 1021 867 1084 sive
895 1020 1082 1086 conditores
1105 1023 1155 1086 nsi
1221 1016 1224 1023 ’

73 1140 162 1198 sunt,
198 1142 322 1184 nomen
354 1119 525 1210 scriptoris
558 1136 593 1183 ut
621 1120 807 1210 posteritati
839 1115 1022 1185 ludibunda
1055 1144 1154 1185 manu

70 1216 279 1291 traderetur,
312 1213 403 1280 idem
437 1216 609 1283 consilium
637 1217 765 1283 duobus
793 1242 902 1309 nuper
927 1213 1156 1313 Ἀναγραφῆς

69 1319 136 1393 τῆς
146 1304 321 1392 Ἑλλάδος
348 1333 382 1380 et
406 1317 648 1407 epigrammatis
669 1316 820 1383 Catiliani
843 1315 1018 1383 luculentis
1045 1340 1155 1381 ereut-

71 1414 140 1508 plis
172 1414 373 1506 patefactum
401 1432 450 1480 est
474 1413 662 1481 felicissima
688 1415 819 1482 Lehrsii
841 1415 1038 1505 Franaiique
1062 1441 1155 1505 saga·

72 1517 173 1580 citate
201 1514 237 1578 in
268 1516 353 1579 Mus.
381 1510 500 1604 philol.
531 1514 573 1593 ll,
598 1540 632 1605 p.
658 1514 730 1584 354
758 1531 792 1580 et
814 1513 874 1592 Ill,
901 1540 933 1604 p,
961 1515 1040 1583 292.
1064 1515 1154 1580 Haec

70 1614 174 1705 igitur
195 1613 305 1677 omnia
329 1636 402 1677 cum
428 1612 471 1676 ita
496 1612 572 1691 sint,
604 1614 658 1679 vix
684 1612 828 1678 dubitari
853 1638 871 1676 a
898 1636 1066 1704 quoquam
1091 1638 1155 1705 pu·

71 1731 191 1790 tamus,
233 1712 316 1802 quin
349 1708 524 1802 Opilianac
564 1734 700 1803 quoque
737 1710 969 1803 parastichitlis
994 1713 1152 1778 memoria

72 1812 252 1876 coniuncta
278 1810 319 1874 sit
340 1834 415 1874 cum
436 1808 531 1875 metri
547 1811 699 1876 notione:
727 1813 794 1876 sive
814 1808 872 1874 ille
890 1833 989 1901 prosa
1005 1812 1153 1877 oratione

71 1907 263 2001 perscripto
292 1898 427 1974 Πίνακι
460 1906 621 1999 praelusit
657 1907 784 2002 aliquot
821 1906 994 1975 versiculis
1028 1932 1154 1975 nomen

73 2031 171 2073 suum
202 2022 323 2098 operto
349 2006 485 2072 artificio
512 2007 748 2098 aperientibus,
779 2009 846 2073 sive
870 2009 989 2073 Porcio
1015 2009 1155 2085 Licinio,
1231 2080 1233 2085 ,

76 2103 231 2172 Volcatio
269 2102 429 2198 Sedigito,
464 2104 500 2170 L.
524 2107 623 2184 Attio,
660 2104 788 2171 Lucilio
824 2105 906 2191 (uon
939 2106 1018 2171 item
1040 2108 1156 2174 Servio

75 2201 232 2284 Claudio,
257 2229 285 2268 v.
311 2218 419 2293 pm
438 2199 504 2294 sq.)
538 2204 713 2271 sociandus
741 2223 800 2281 est,
835 2227 918 2296 quos
941 2206 1077 2296 suppari
1103 2231 1158 2271 ac-

73 2320 141 2369 tate
173 2300 279 2367 simile
313 2326 418 2391 genus
451 2299 632 2369 litterarum
665 2304 813 2369 versibus
839 2320 994 2368 tractasse
1017 2301 1158 2369 vidimus

73 2432 104 2492 p,
123 2419 176 2475 91,
196 2416 331 2493 awsq.
383 2401 472 2466 Hoc
502 2402 530 2466 si
561 2404 670 2467 verius
704 2403 755 2479 sit,
792 2419 827 2467 ut
859 2401 1017 2467 Lerschio
1054 2405 1159 2469 visum

75 2519 129 2566 est
149 2501 285 2565 inDiar.
307 2500 408 2591 antiq.
434 2497 520 2565 stud.
545 2525 571 2565 a.
593 2501 685 2572 1839
708 2525 742 2592 p.
757 2502 838 2576 3110,
853 2498 1160 2568 eximendusfuerit

76 2597 212 2691 Opilius
239 2621 281 2663 ex
309 2622 425 2664 corum
450 2622 601 2678 numero,
627 2623 711 2690 quos
736 2622 837 2691 posse
856 2597 899 2664 de
919 2599 999 2689 ipsis
1021 2600 1160 2667 actioni*

73 2698 139 2764 hus
165 2696 306 2765 scenicis
331 2713 484 2764 accurata
510 2697 667 2790 finitaque
693 2720 853 2763 annorum
877 2697 1044 2763 notatione
1072 2700 1158 2789 egis-

79 2820 116 2863 se
143 2795 382 2888 disputavimus
406 2826 435 2886 p.
447 2813 518 2870 321,

176 2905 289 2967 2195
311 2893 359 2980 (et
381 2911 446 2968 378
466 2889 592 2976 annot.)
618 2891 808 2984 vituperatis
830 2875 976 2957 Ve'ctii
1003 2910 1042 2956 et
1067 2895 1160 2960 Phi-

78 2992 239 3059 locorni
265 2995 413 3084 patronis
435 2993 516 3060 licet
540 2992 564 3056 Ι.
579 2991 761 3058 Beckerum
789 2987 915 3055 addere
940 2993 974 3055 in
992 2994 1079 3058 Diar.
1103 3020 1160 3058 an-

80 3094 139 3183 tiq.
164 3088 253 3159 stud.
281 3116 308 3156 a.
339 3091 431 3161 1843
458 3119 492 3184 p.
519 3090 600 3159 213.
625 3176 628 3183 Δ
651 3092 750 3156 Recte
777 3115 876 3154 unum
903 3090 1054 3157 Vectium
1082 3093 1161 3159 Phi-

82 3188 248 3255 locomum
260 3190 515 3257 Van-Heusdius
538 3188 649 3281 posuit
666 3187 760 3254 Stud.
788 3190 859 3253 crit.
885 3189 918 3252 in
932 3187 1034 3253 Lucil.
1057 3216 1087 3280 p.
1103 3191 1161 3259 46,

83 3292 164 3372 137,
198 3313 301 3380 quem
336 3286 457 3354 librum
497 3289 618 3355 abhinc
657 3285 788 3354 (luobus
823 3290 916 3350 armis
954 3286 1078 3352 editum
1112 3291 1162 3356 his

82 3385 219 3452 demum
255 3385 372 3453 diebus
411 3407 524 3456 nactus
562 3412 645 3454 snm.
697 3385 765 3451 Sed
801 3383 903 3450 multo
941 3386 1037 3451 etiam
1071 3390 1161 3478 prius

81 3510 198 3550 verum
230 3503 264 3552 et
289 3486 371 3552 vidit
395 3487 580 3554 Gronovius
607 3503 639 3552 et
663 3485 816 3576 probavit
839 3482 990 3561 wolfius,
1017 3510 1162 3576 quorum

81 3602 152 3650 tum
176 3608 244 3650 non
270 3585 305 3649 in
331 3605 488 3678 promptu
505 3602 597 3651 erant
611 3584 760 3651 Suetonii
779 3582 953 3655 editiones,
979 3587 1161 3651 accuratius

80 3700 193 3749 antem
208 3683 249 3749 H.
263 3686 420 3776 Meycrus
435 3682 614 3775 explicavit,
626 3684 661 3747 in
675 3680 800 3748 eisdem
814 3679 879 3746 illis
895 3682 1015 3746 Diariis
1025 3709 1052 3747 a.
1069 3686 1162 3754 ¹8:36

81 3805 116 3872 p·
140 3778 223 3851 376.
259 3816 303 3831 -
331 3784 361 3848 Α
387 3782 587 3866 Quintiliano
623 3799 730 3847 autem
767 3799 1058 3847 commemoratum
1088 3785 1163 3849 Vc-

84 3880 225 3959 ctium,
251 3906 351 3974 quem
377 3882 556 3949 insectatus
578 3906 649 3948 esse
675 3877 821 3946 Lucilius
846 3877 979 3961 dicitur,
1001 3882 1163 3947 Titinium

81 3996 193 4045 autem
211 3981 364 4047 Vectium
392 3978 645 4049 esseBeclterus
670 4002 805 4071 quoque
830 4003 863 4069 p.
887 3975 959 4047 ‘244
980 4005 1162 4070 perperam

82 4080 204 4155 statuit,
227 4080 349 4145 rectius
374 4097 410 4145 ut
434 4078 573 4155 videtur,
599 4104 697 4171 quam
723 4102 782 4142 nos
809 4074 954 4142 cundem
976 4076 1070 4141 illum
1084 4078 1162 4141 Plri-

81 4173 259 4256 locomnm,
283 4177 543 4246 Van-Heusdius
568 4203 601 4269 p.
631 4176 696 4246 197
726 4178 867 4245 coniecit
891 4176 1084 4241 Vectium
1110 4174 1163 4242 vcl

82 4276 232 4343 Vettium
263 4276 516 4345 Vettianum
548 4301 633 4357 esse,
663 4275 833 4341 laudatum
863 4276 1036 4340 Ciceronis
1072 4278 1162 4341 Brut.

82 4372 110 4458 S.
126 4373 195 4443 169
222 4378 409 4443 Marsorum
430 4394 618 4442 oratorem:
646 4398 833 4465 quanquam
859 4371 892 4436 id
914 4396 1049 4464 quoque
1064 4399 1162 4466 prae-

82 4474 141 4539 ivit
163 4475 322 4568 llleyerus
355 4476 389 4541 in
415 4479 503 4540 Brut.
536 4468 759 4567 p.'146‚qui
793 4474 871 4536 item
897 4469 941 4537 de
967 4472 1162 4541 Philocomo

26 4570 34 4583 '
83 4570 160 4640 olim
194 4575 269 4667 ipse
300 4575 507 4670 cogitaverat.
534 4610 580 4622 -
610 4575 681 4638 Nec
707 4595 786 4637 vero
804 4569 1020 4657 fertiliorem
1046 4572 1164 4640 Lucilii

84 4671 147 4738 iam
193 4674 270 4741 satis
310 4691 380 4742 tuto
423 4671 538 4740 dicere
575 4673 748 4742 Vectiom'
768 4669 997 4738 Philocomum
1035 4671 1164 4740 licebit:

928 4819 972 4851 *tt
