2820 5332
391 796 412 834 t.
432 794 475 836 nr
501 786 619 836 euitat
646 788 774 837 rueras
803 792 996 836 routntsvs.
1208 778 1251 844 17

157 965 250 1036 enim
278 962 380 1059 longo
419 960 478 1032 ille
500 962 684 1031 intervallo
716 965 758 1030 ab
784 966 856 1059 ipsa
881 963 990 1030 Plauti
1016 982 1121 1060 usitate
1145 965 1254 1049 distet,

163 1082 280 1174 ecquis
304 1104 346 1148 eo
370 1079 509 1165 demum
536 1097 692 1171 tempore
718 1079 841 1146 fuctum
868 1080 931 1145 sibi
957 1085 1172 1171 persuaserit,
1187 1108 1254 1175 quo

159 1200 322 1294 ltisyllabi
350 1200 488 1293 genitivi
526 1198 615 1265 illius
651 1224 728 1266 usus
762 1200 960 1265 involueris?
1009 1200 1124 1293 Apage
1158 1204 1256 1295 igitur

162 1314 258 1382 istum
290 1312 431 1407 quidem
463 1312 705 1383 defensionem.
755 1303 883 1381 Verum
915 1316 1008 1381 enim
1039 1340 1120 1382 vero
1156 1318 1257 1412 longe

163 1433 280 1523 specie
306 1430 442 1522 gmvior
461 1429 590 1496 Osanni
615 1431 760 1522 suspicio
787 1446 850 1511 est,
884 1430 942 1522 qui
968 1429 1153 1525 dereliqui
1178 1458 1259 1526 pro-

164 1544 233 1637 logi
256 1545 456 1637 antiquitate
481 1542 566 1609 ullril
593 1543 765 1622 dubitans,
802 1563 908 1612 tamen
940 1546 1031 1612 huno
1056 1549 1166 1639 ipsum
1195 1574 1258 1615 uns

165 1683 242 1726 cum
271 1682 314 1740 eo
340 1659 399 1750 qni
415 1658 592 1750 praecedit
608 1682 742 1726 versam
768 1649 877 1724 alicua
900 1684 998 1724 manu
1011 1659 1157 1727 adiectos
1178 1687 1259 1728 cen-

163 1776 229 1841 tnit
267 1799 301 1866 p.
335 1772 405 1842 172
437 1773 543 1866 idque
567 1777 667 1841 etiam
692 1773 897 1841 Sverdsioeo
933 1776 1105 1867 persuasit
1156 1776 1258 1845 Cuius

164 1889 281 1956 indicii
306 1910 454 1956 caussam
478 1890 567 1957 lianc
590 1890 724 1970 habuit,
763 1888 856 1981 qood
883 1914 948 1956 nec
974 1914 1048 1955 cum
1076 1877 1261 1983 superiori-

165 2003 228 2070 bus
252 2029 317 2070 nec
339 2028 416 2070 cnm
444 2005 493 2071 eis
520 2028 604 2097 quae
633 2021 883 2096 consequuntur
912 2002 982 2070 ullo
1008 2003 1057 2070 illi
1083 2007 1260 2072 sententia·

164 2140 240 2184 rum
267 2139 355 2183 uera
380 2118 549 2184 contineri
576 2120 633 2184 visi
661 2134 747 2184 sunu
790 2120 833 2183 Et
857 2119 923 2184 hoc
949 2117 1087 2210 quidem
1113 2120 1176 2186 etsi
1202 2119 1260 2186 ille

164 2233 269 2299 sensit
290 2231 472 2312 verissime,
510 2251 621 2299 tamen
644 2232 783 2298 multum
806 2234 903 2298 abest
927 2228 981 2313 ul,
1021 2259 1106 2325 quae
1133 2232 1262 2326 reliqua

165 2364 243 2414 sunt
273 2349 308 2411 in
339 2348 401 2413 ista
435 2345 567 2440 prologi
598 2366 693 2440 parte
725 2346 937 2414 incommoda
971 2372 1038 2414 non
1064 2346 1134 2415 ullo
1162 2367 1261 2440 paeto

167 2460 374 2539 tolerabilis,
411 2463 559 2529 senserit
586 2464 710 2528 omnia.
762 2465 914 2545 Quorum
941 2464 1170 2558 gravissimum
1196 2463 1263 2528 hoc

167 2591 235 2657 est,
268 2575 362 2668 quod
399 2599 538 2669 prorsus
572 2600 641 2643 non
677 2577 806 2644 habent
852 2602 919 2671 quo
948 2577 1139 2644 reserantur
1177 2603 1264 2671 qnae

168 2714 196 2756 r.
231 2690 278 2758 18
316 2688 556 2757 subiiciuntur:
603 2690 695 2758 Nam
729 2714 881 2756 notorem
917 2692 1004 2756 haec
1026 2708 1150 2757 cuncta
1180 2696 1264 2757 vitia

166 2806 297 2870 sectori
325 2801 441 2869 solent
478 2830 506 2870 e.
535 2830 566 2897 q.
592 2830 617 2871 s.
663 2804 786 2871 Fateor
829 2804 918 2872 launc
960 2807 1018 2897 qui
1054 2804 1266 2896 praecedunt

169 2944 217 2986 vr.
244 2922 290 2991 16
316 2937 350 2985 et
375 2917 417 2986 17
444 2922 593 3010 pessime
622 2939 821 3010 corruptos:
865 2919 927 2984 sed
960 2917 1052 2983 idem
1078 2920 1147 2984 scio
1170 2916 1264 2985 nullo

169 3033 365 3127 corrigendi
392 3032 443 3099 vel
472 3033 583 3100 studio
608 3034 661 3099 vel
686 3034 826 3100 artificio
853 3032 889 3099 id
915 3031 1066 3099 ellectum
1094 3035 1147 3113 iri,
1181 3058 1266 3126 quo-

170 3172 251 3214 cum
280 3166 373 3215 recte
412 3150 503 3242 iungi
530 3173 628 3213 nam
663 3148 860 3241 particulam
896 3147 998 3215 dicas.
1051 3148 1156 3215 Immo
1182 3147 1267 3216 haee

169 3240 361 3353 quae⁸vitia
398 3262 520 3330 umoris
549 3279 788 3329 enumerantur
820 3262 1013 3354 planissime
1047 3278 1189 3353 apparet
1224 3260 1269 3327 ad

169 3375 227 3442 illa
254 3393 421 3470 spectare,
448 3400 535 3468 quae
560 3396 578 3441 a·
600 3402 629 3444 v.
655 3377 678 3445 3
704 3375 748 3442 ad
775 3404 805 3444 v.
831 3379 855 3445 8
882 3376 1134 3466 pertinuerunt:
1163 3372 1269 3444 Vobis

172 3488 327 3556 canulro
347 3493 465 3582 potius
489 3512 582 3554 mem
609 3513 704 3554 nuuc
727 3490 892 3554 miserias.
931 3488 978 3554 Vt
1003 3489 1038 3553 in
1061 3513 1165 3580 pauca
1192 3511 1269 3555 ora·

172 3605 298 3670 tionem
324 3603 513 3683 conseram,
547 3604 676 3669 initium
712 3619 816 3669 totum
841 3602 939 3668 huius
965 3600 1097 3694 prologi
1123 3624 1270 3693 praepo·
1326 3675 1332 3683 .

172 3734 263 3783 stete
288 3715 462 3783 collocatis
486 3715 637 3784 versibus
664 3715 818 3797 laborat,
854 3739 938 3808 quos
960 3714 1027 3781 hoc
1049 3738 1121 3780 sese
1147 3713 1270 3782 ordine

174 3830 254 3897 olim
282 3822 459 3923 excepisse
487 3855 617 3898 mecum
645 3828 767 3896 crede:

170 3928 174 3933 ¹
203 3952 219 4014 l
252 3944 351 4010 Duos
376 3966 434 4011 res
457 3943 560 4011 simul
583 3966 677 4010 nunc
701 3938 809 4034 cgere
832 3941 1041 4008 decretumst
1067 3940 1161 4009 milti:

195 4063 220 4127 2
247 4060 294 4125 Et
318 4075 563 4149 argumentum
587 4075 623 4123 es
648 4082 741 4125 meos
766 4081 901 4124 amores
925 4058 1089 4150 eloquar,-

179 4174 220 4242 16
250 4172 328 4238 Etsi
352 4171 417 4237 ltoc
439 4186 562 4263 parum
590 4170 703 4238 hercle
728 4174 823 4253 more
848 4175 1015 4237 maiorum
1039 4170 1162 4261 ittstt'tt',

180 4290 220 4355 17
247 4282 323 4355 Pro
350 4310 426 4351 mea
447 4263 601 4378 persuasa
624 4301 663 4352 ut
685 4275 749 4353 sim
774 4284 903 4351 advos
930 4281 1037 4349 index
1061 4280 1151 4352 ilico.

196 4400 221 4470 9
249 4398 390 4468 Gracco
414 4400 501 4466 baec
526 4416 669 4467 uocatur
693 4400 862 4489 Emporos
885 4396 1113 4463 Philemonis:
1249 4395 1271 4463 5

178 4517 223 4586 10
247 4512 383 4583 Eadem
408 4514 518 4580 latine
543 4516 724 4583 Mercator
745 4510 863 4579 Marci
885 4507 993 4580 Accii.

183 4632 222 4696 11
250 4625 366 4699 Pater
391 4628 440 4696 ad
463 4645 652 4698 mercatum
685 4629 768 4696 ltine
794 4651 846 4693 ma
871 4650 964 4692 metes
989 4629 1081 4694 misit
1108 4623 1267 4694 Rhodum

182 4746 224 4811 tu
252 4740 458 4829 (Biennium
481 4748 552 4814 tum
567 4746 752 4832 facturine,
783 4757 966 4834 postquam
988 4739 1061 4808 obal
1080 4738 1218 4820 domos)

310 4874 316 4879 ·
1044 4857 1066 4922 ‘2
