2820 5332
525 679 745 726 naccuroravs.
1102 655 1173 730 415

91 845 235 914 laudere
257 849 298 913 ab
326 846 465 914 aliorum
491 847 751 917 dubitationibus
767 853 911 919 animum
923 851 1064 922 induxit.
1091 856 1175 922 Nam

93 962 187 1055 quod
207 963 295 1030 eius
329 963 453 1031 codicis
485 963 635 1045 Plautini,
671 992 772 1058 quem
796 966 926 1036 saeculo
952 970 1015 1038 XV
1043 996 1061 1037 e
1088 972 1176 1039 Ger-

93 1061 200 1145 mania
233 1078 398 1172 perlatum
433 1081 466 1144 in
502 1080 626 1147 Italiam
659 1108 758 1175 supra
785 1083 862 1164 dixi,
888 1086 1116 1179 apographum
1142 1088 1177 1152 in

92 1197 262 1264 Marciana
296 1195 499 1264 bibliotheca
531 1196 725 1265 Florentina
757 1218 929 1292 repertum
955 1204 1003 1268 sic
1024 1201 1178 1270 doctissi-

93 1336 164 1378 mus
195 1314 392 1379 Laurentius
427 1313 599 1380 Illelrusius
634 1313 795 1381 describit
821 1315 926 1383 Praei.
951 1319 985 1382 iu
1008 1318 1178 1387 Ambrosii

93 1429 300 1494 Traversarii
326 1430 429 1520 Epist.
457 1447 490 1494 et
516 1429 607 1497 Orat
633 1455 667 1522 p.
694 1430 816 1511 XLIII,
853 1448 888 1497 ut
911 1430 1089 1500 duodecim
1114 1458 1178 1526 po-

94 1544 272 1611 steriorum
306 1544 447 1634 primam
483 1543 627 1610 sabulum
668 1569 739 1612 esse
771 1545 968 1637 acephalam
1003 1546 1107 1615 dicat:
1140 1547 1178 1617 id

93 1681 173 1726 sane
196 1660 307 1726 Rostio
331 1658 379 1751 (p.
409 1657 492 1744 111)
515 1659 611 1727 facile
638 1659 805 1729 credimus
836 1686 961 1753 posse
995 1661 1038 1729 ad
1059 1663 1178 1746 solum,

94 1773 186 1867 quod
204 1772 424 1854 desideretur,
450 1775 692 1867 Argumentum
718 1793 891 1868 spectare:
917 1801 984 1847 non
1011 1803 1109 1870 posse
1134 1776 1178 1847 ad

10 1954 13 1959 .
91 1891 198 1983 ipsius
231 1891 362 1957 initium
395 1889 543 1971 fabulae,
575 1916 643 1959 non
673 1891 899 1962 concedimus.
949 1894 999 1962 Ae
1023 1919 1067 1960 ne
1092 1891 1180 1961 illud

94 2004 230 2098 quidem
254 2005 511 2097 ita.disputavit‚
537 2025 573 2072 ut
597 2031 665 2075 non
691 2009 733 2074 sit
757 2006 867 2100 aliqua
894 2033 935 2075 ex
955 2026 1180 2102 partenotan-

94 2120 169 2188 dus.
222 2123 305 2189 Nam
344 2121 437 2214 quod
463 2147 540 2189 suae
563 2123 792 2188 necessitatem
814 2124 1099 2215 interpretationis
1126 2151 1179 2191 ar-

95 2239 149 2329 gui
177 2261 216 2304 eo
245 2236 335 2317 dicit,
363 2236 455 2329 quod
482 2257 712 2331 argumentum
737 2237 873 2305 Graecis
898 2236 1101 2333 κεφάλαιον
1126 2238 1179 2306 di·

96 2373 202 2419 catur:
227 2378 303 2433 uec,
329 2352 394 2420 huc
411 2354 540 2421 Graece
565 2351 749 2418 dicendum
772 2348 947 2431 ὑπόδεσις
971 2354 1084 2438 luisse,
1103 2378 1179 2436 nce,

94 2495 203 2560 aqua
238 2471 341 2560 stirpe
373 2464 560 2561 ἀκέφαλος
598 2467 757 2550 ducatur,
791 2470 951 2559 cogitavit.
1001 2473 1180 2539 Praeterea

94 2585 262 2651 veterrimi
287 2583 374 2651 illius
401 2583 538 2663 codicis,
565 2607 665 2676 equo
682 2582 883 2677 singularum
909 2583 1094 2652 fabularum
1115 2586 1180 2652 ini·

96 2701 138 2767 tia
165 2701 338 2767 lllchusius
365 2701 549 2792 excerpsit,
584 2699 757 2765 librarium
789 2701 835 2765 ait
856 2697 1031 2766 variandae
1058 2702 1180 2769 oratio-

95 2819 145 2883 nis
171 2819 272 2908 gratia
297 2816 398 2884 modo
426 2831 664 2906 argumentum
690 2813 790 2882 modo
808 2815 972 2906 prologus
998 2815 1098 2884 modo
1124 2821 1178 2882 in-

95 2940 175 3028 cipit
190 2936 351 3022 feliciter
375 2931 543 2999 vocabulis
571 2955 665 2997 usum
693 2954 777 2997 esse.
829 2930 901 2997 Hoc
929 2932 990 2998 etsi
1005 2933 1047 2997 ab
1066 2949 1179 3000 nostra

93 3077 205 3124 caussa
242 3048 386 3115 alienum
419 3072 553 3141 possum
586 3049 722 3113 missum
757 3046 888 3125 Iacere,
921 3064 1029 3113 nmen
1062 3072 1179 3117 verum

94 3164 234 3258 quidem
270 3189 338 3231 non
370 3181 437 3249 est,
478 3167 512 3228 in
548 3188 611 3228 una
642 3163 731 3228 enim
757 3160 923 3230 Pseudolo
960 3183 1102 3230 erratum
1129 3185 1180 3235 est

91 3281 244 3374 plurimis
269 3282 304 3344 in
328 3280 423 3346 libris
447 3282 480 3345 in
508 3279 598 3347 hune
623 3278 772 3359 modum,
799 3298 835 3346 ut
859 3279 996 3344 turbatis
1010 3280 1179 3346 Mercato-

91 3396 136 3462 ris
172 3415 205 3464 et
239 3393 396 3462 Pseudoli
434 3393 584 3460 confiniis
616 3392 665 3460 illi
695 3392 825 3458 sahulae
853 3395 1086 3461 continuentur
1110 3392 1178 3463 duo

91 3509 224 3603 prologi
251 3536 375 3590 versus,
401 3511 459 3602 qui
486 3528 535 3576 est
559 3506 729 3595 Pseudoli,
760 3509 836 3576 huic
862 3528 971 3576 autem
996 3509 1179 3602 praemissa
1277 3544 1279 3553 ·

92 3624 263 3719 Prologus
288 3627 532 3718 inscriptione,
561 3651 645 3718 quae
667 3623 748 3694 illuc
774 3627 975 3719 pertinebat,
1002 3651 1179 3719 argumen-

93 3760 161 3808 tum
186 3744 428 3836 perscribatur.
480 3743 635 3834 Denique
657 3767 723 3810 nec
744 3740 828 3808 illud
854 3744 920 3806 vim
945 3741 1045 3808 habet
1065 3741 1179 3822 ullam,

94 3857 186 3949 quod
211 3885 251 3924 ex
280 3857 429 3925 eiusdem
455 3857 598 3923 Mebusii
621 3859 683 3924 vita
706 3857 875 3922 Ambrosii
901 3882 935 3946 p.
951 3856 1024 3924 388
1049 3856 1179 3921 Rostius

92 3999 128 4064 p.
155 3974 235 4041 VIII
263 3973 363 4059 (tlt)
391 3972 499 4040 attulit
522 3971 604 4038 alius
629 3970 765 4050 codicis,
793 3995 859 4062 quo
875 3970 1039 4061 Excerpta
1061 3987 1180 4035 tenen-

92 4107 145 4155 tur
172 4088 393 4179 eomplurium
420 4088 632 4180 scriptorum,
654 4086 737 4152 haec
764 4086 880 4152 verba:
907 4086 1084 4177 Incipiunt
1105 4086 1178 4152 Νο-

93 4202 212 4269 tabilia
237 4203 280 4268 de
303 4202 484 4270 comoediis
509 4199 628 4269 Plauti
653 4203 787 4266 noviter
812 4205 969 4292 repertis,
989 4224 1075 4293 quae
1097 4217 1178 4266 sient

91 4319 188 4396 XII,
229 4336 263 4384 et
294 4322 405 4408 primo
435 4317 478 4383 de
510 4314 691 4396 Bacchide,
728 4321 782 4381 cui
818 4315 934 4405 deficit
962 4319 1178 4409 principium,

94 4431 194 4516 Quod
220 4457 287 4499 non
313 4435 421 4500 minus
448 4450 496 4500 est
522 4433 674 4527 ambigue
700 4431 844 4511 dietum,
880 4458 978 4525 quam
1003 4458 1077 4500 cum
1103 4459 1179 4501 ace·

92 4548 192 4640 phala
231 4547 342 4615 sabula
376 4569 531 4629 vocatur,
569 4548 646 4628 sed,
679 4547 954 4641 quandoquidem
992 4550 1027 4615 in
1059 4549 1178 4641 anqui-

93 4664 207 4732 rendis
236 4665 427 4733 testimoniis
453 4664 562 4733 adhuc
588 4664 846 4758 disputationem
872 4666 1110 4745 conunuimus,
1136 4689 1178 4731 ne
