2820 5332
387 694 562 737 sveuomrs
590 691 631 732 ne
658 693 721 731 vra.
750 692 894 734 reevs‘ra.
1110 664 1181 736 635

100 875 151 912 non
169 858 301 910 habereut.
345 855 463 907 Ceterum
475 854 546 905 dubii
563 869 611 905 nec
630 856 712 922 magio
730 868 804 922 quom
824 856 903 905 ceteri
922 853 955 904 de
973 868 1078 904 numero
1095 867 1181 903 earum

100 949 163 999 certi
181 949 231 997 ium
252 943 353 995 modern
372 943 405 993 ud
425 943 567 994 Terentiam
587 942 740 1008 gradiemur.
768 957 800 992 ex
819 941 975 1008 Carthagine
987 940 1035 991 init
1056 941 1107 1002 hic,
1120 939 1183 990 urbe
1195 930 1278 1030 Qu.

99 1034 203 1084 Africae
229 1030 432 1098 opulentissima.
467 1030 538 1080 Hanc
558 1028 643 1091 Etisr,
663 1044 730 1095 quoe
749 1029 854 1079 nomine
871 1027 923 1079 aiio
941 1026 1006 1079 Dido
1022 1035 1113 1077 vocatu
1132 1033 1180 1090 est,
1197 1047 1228 1088 ,ιι

100 1121 218 1188 primaria
238 1128 263 1170 et
277 1118 441 1185 pudicissima
459 1115 568 1180 terniue,
595 1131 627 1167 ex
653 1115 719 1180 'ipro
740 1115 848 1182 proiogu
869 1115 983 1165 condidit
999 1121 1059 1165 ante
1079 1113 1186 1167 aomo·

102 1206 228 1257 conditam
241 1205 305 1255 duos
320 1214 346 1254 ct
364 1205 525 1270 septuaginta
544 1218 632 1253 annos.
671 1203 772 1253 Homeri
792 1201 851 1253 ioco
870 1202 940 1252 Brisa
951 1205 983 1270 ¹⁰)
1001 1201 1118 1266 primum,
1136 1212 1188 1265 po-

102 1303 157 1345 stea
176 1292 305 1359 Carthago
326 1291 390 1352 iuit,
410 1291 479 1359 quod
497 1293 631 1356 impetmto
651 1290 721 1341 urbis
740 1288 890 1340 condendae
907 1286 979 1350 solo,
996 1295 1117 1354 quantum
1138 1284 1188 1334 bo-

102 1383 142 1433 vis
170 1383 266 1431 corium
292 1387 412 1444 caperet,
439 1378 505 1428 Dido
535 1379 673 1444 prudenter
699 1379 771 1428 corio
788 1378 815 1426 in
834 1377 995 1426 tenuissimas
1015 1379 1190 1441 partessecto

103 1469 184 1520 maius
203 1481 278 1534 quam
298 1465 419 1515 creditum
439 1473 508 1516 esset
527 1464 611 1516 locum
631 1466 770 1530 occuparit,
798 1462 911 1531 denique
929 1461 1108 1513 florentissima
1127 1458 1190 1509 urbs

102 1572 160 1606 euru
188 1553 272 1605 studio
298 1552 408 1611 serpendi
438 1553 539 1619 imperii
565 1552 641 1603 modo
671 1551 802 1604 sardinum
827 1552 955 1618 proximas
981 1547 1070 1600 ltaliae
1091 1545 1188 1598 insutus

103 1645 254 1709 perimeret,
285 1654 300 1689 a
329 1640 449 1690 Romanis
479 1648 562 1690 tameo
591 1642 658 1690 victa
686 1639 762 1690 baliis
780 1638 860 1690 tribus
880 1645 929 1689 est.
960 1638 1046 1703 priore
1065 1634 1116 1686 duo
1134 1649 1186 1685 nou

107 1731 164 1779 siue
194 1727 302 1778 proxima
325 1728 458 1794 utriusque
483 1727 571 1794 popuii
601 1726 675 1777 riade
693 1742 739 1794 par
767 1727 866 1790 iiuirit,
894 1723 963 1776 beilo
990 1725 1064 1774 tertio
1095 1729 1188 1788 capta,

105 1831 196 1866 eversa
216 1823 294 1881 atquo
313 1814 370 1865 solo
389 1816 490 1881 penitus
511 1822 619 1881 aequata
639 1823 686 1864 est.
721 1815 854 1865 Terentius
863 1818 894 1882 ιι)
913 1820 997 1863 autem
1017 1826 1081 1878 puer
1099 1817 1191 1876 captus

106 1900 176 1952 bello
203 1910 229 1952 et
246 1901 351 1952 Roaiam
367 1901 457 1951 ductus
475 1901 595 1951 tenditur
613 1902 668 1951 iure
685 1901 745 1951 beili
766 1916 856 1951 servus
874 1899 993 1950 Terentio
1012 1898 1114 1949 isucuno
1131 1898 1190 1946 cui-

106 1989 162 2039 dam
191 1989 286 2039 ironrini
314 1988 435 2055 locupleti
465 1997 490 2039 et
519 1987 628 2039 liberali.
674 1989 699 2038 is
718 2004 823 2055 puerum
843 1986 911 2037 clara
931 1987 1015 2037 fronte
1033 1985 1190 2051 egregiaque

105 2074 192 2125 indole
209 2077 329 2141 optimum
349 2075 444 2126 habere
464 2076 594 2142 ingenium
614 2077 791 2137 coniectatur,
818 2082 894 2141 atque
914 2075 1001 2140 proin,
1027 2073 1048 2122 si
1068 2071 1189 2121 bonarum

105 2177 188 2212 rerum
207 2161 290 2212 studio
308 2162 424 2223 daretur,
443 2162 553 2213 tutorum
574 2161 701 2212 hominem
721 2163 803 2228 ipsum
823 2160 915 2211 bonum
935 2168 962 2210 et
985 2159 1125 2225 sapientem
1147 2169 1190 2206 m-

106 2254 163 2309 tue,
186 2246 277 2296 litteris
305 2246 469 2296 erudiendum
494 2247 572 2312 dedit,
608 2247 785 2316 eruditumque
803 2249 922 2297 iuvenem
941 2261 971 2295 ac
990 2244 1079 2295 studiis
1099 2249 1191 2309 poete-

105 2350 160 2385 rum
185 2333 296 2384 deditum
322 2336 425 2384 nonrirrc
455 2350 503 2383 suo
531 2335 636 2386 donarit
653 2350 683 2386 ae
710 2334 834 2386 libertate.
863 2335 945 2384 iactus
964 2334 1050 2399 itaque
1071 2333 1133 2381 iuris
1150 2330 1191 2380 eni

106 2423 213 2487 patrium
233 2436 324 2472 nomen
346 2424 446 2487 posuit,
473 2430 498 2473 et
518 2432 636 2490 tanquam
664 2422 730 2472 benc
750 2422 782 2473 de
803 2421 905 2472 domino
922 2423 1026 2471 meritus
1043 2419 1147 2469 honoris
1166 2425 1192 2468 et

107 2507 229 2559 libertatis
249 2509 357 2559 donatam
376 2524 452 2559 causa
471 2508 603 2561 Terentius
622 2519 727 2562 vocatus
748 2519 795 2561 est.
821 2510 975 2561 Comoedias
993 2509 1067 2560 abeo
1081 2508 1192 2572 scriptae

107 2595 234 2647 habentur
258 2611 312 2646 sex.
358 2597 521 2648 Menandrum
546 2599 699 2649 Graecorum
726 2607 858 2664 poetarum
886 2599 936 2648 isto
954 2598 979 2648 in
1000 2609 1097 2663 genere
1115 2591 1193 2644 facile

107 2684 249 2750 principem
274 2685 385 2734 imitatur
414 2687 439 2734 in
464 2694 587 2752 quotuor:
618 2687 642 2736 in
665 2685 788 2752 reliquis,
816 2700 883 2752 quae
906 2685 974 2735 duae
1000 2692 1075 2746 sunt,
1100 2682 1193 2733 Echirt

108 2778 134 2820 et
159 2769 275 2832 Formio,
303 2771 494 2838 Apollodorum.
532 2775 643 2824 omnium
669 2782 754 2823 tumeo
782 2773 877 2840 ubique
909 2771 1003 2823 Andria
1035 2773 1116 2837 prima
1143 2776 1193 2819 est.

107 2856 179 2908 Hanc
206 2856 309 2924 legente
334 2860 390 2925 ipso
408 2861 516 2910 maxima
533 2876 589 2910 eum
609 2860 776 2910 admiratione
794 2860 891 2910 audiuit
909 2859 1072 2925 laudaritque
1101 2856 1195 2908 Caeci-

108 2943 158 2996 lius
184 2953 271 3011 poeta,
302 2948 344 3012 qui
369 2948 417 2996 isto
440 2949 590 3013 praesertim
623 2948 648 2996 in
677 2963 774 3013 genero
793 2956 818 2997 et
836 2945 973 2997 haberetur
989 2946 1151 2997 doctissimus
1169 2952 1197 2995 et

108 3041 209 3084 ceteros
233 3035 349 3084 anteiret.
379 3034 481 3085 Eoneus
506 3043 590 3085 autem
616 3035 718 3085 vendita
745 3043 786 3085 est
811 3036 836 3085 in
863 3032 1058 3084 octo-millibus
1082 3048 1194 3083 numum.

110 3119 170 3186 lpse
187 3136 265 3184 vcro,
283 3130 311 3171 ut
329 3121 413 3172 soient
434 3124 481 3172 iuri
503 3121 589 3172 alieno
608 3125 632 3172 in
652 3125 756 3172 civitate
784 3121 860 3172 iocati
879 3130 905 3171 et
922 3123 1016 3171 virtute
1033 3119 1119 3187 eliqua
1139 3121 1198 3169 exi·

108 3208 158 3256 ruia
177 3208 275 3269 ornati,
301 3207 435 3258 lacessitus
453 3207 620 3258 invidentium
641 3208 784 3258 muisdictis
799 3207 912 3258 Athenas
932 3210 957 3258 iu
975 3207 1105 3257 Graeciam
1124 3203 1196 3267 abiit,

109 3292 194 3344 studio
217 3310 274 3344 cum
303 3294 448 3366 declinandi
470 3296 514 3345 otii
535 3303 586 3345 tum
606 3295 696 3345 Gracci
718 3297 814 3361 ingenii
836 3294 1020 3362 perscrutandi.
1058 3293 1118 3343 Erat
1135 3291 1197 3342 urbs

110 3379 155 3430 ilie
172 3381 294 3431 Graeciae
319 3390 378 3431 tunc
406 3398 437 3433 ex
464 3384 567 3447 generis
586 3390 716 3432 uetustate
738 3382 898 3432 nobilissimo
919 3390 946 3432 et
961 3366 1093 3448 trophaeis
1111 3378 1200 3431 moitis

110 3468 268 3528 clarissima,
301 3478 431 3536 poetarum
452 3484 515 3519 vero
537 3477 564 3519 et
589 3469 690 3519 laudata
710 3473 821 3521 omnium
840 3472 931 3521 artium
953 3485 1046 3537 parens
1074 3478 1101 3522 et
1123 3469 1201 3522 sedes

110 3556 276 3624 amplissima.
323 3557 383 3607 Vrbi
410 3557 468 3606 huic
493 3566 624 3623 praeterea
653 3558 735 3625 gloria
761 3559 803 3609 vei
832 3558 948 3609 iabuioao
975 3558 1017 3609 vei
1046 3567 1115 3610 certa
1143 3559 1201 3635 tuit,

110 3645 234 3712 poputum
252 3661 325 3695 sunm
343 3661 395 3696 non
416 3652 443 3696 ut
461 3653 564 3712 gentem
583 3655 693 3697 ceteram
712 3647 867 3698 advenarum
890 3646 1055 3709 colluvione,
1074 3646 1121 3697 sed
1139 3661 1201 3713 pro·

111 3736 168 3799 pria
192 3735 293 3796 origine
318 3732 403 3784 locum
422 3735 504 3799 ipsum
524 3736 644 3785 tenuisse.
678 3734 736 3786 ioco
757 3750 850 3785 nomen
872 3735 943 3784 atthis
962 3734 1040 3785 dedit.
1078 3733 1140 3784 lade
1158 3749 1202 3785 re-

111 3821 154 3887 gio
176 3820 267 3869 Attriea
287 3820 362 3871 dictu.
386 3821 451 3871 Vrbs
472 3822 522 3871 ism
540 3821 642 3871 conditu
665 3831 751 3872 erata
774 3821 892 3887 Cecrope
910 3820 982 3871 Athis
1003 3835 1060 3870 aro.
1080 3822 1122 3889 qui
1135 3822 1202 3871 istuc

110 3909 243 3974 proiectus
264 3916 332 3958 essct
353 3924 385 3957 ex
404 3909 537 3975 provincia
556 3909 651 3974 egipeii
680 3908 795 3958 discessu
816 3909 911 3973 moysis
933 3908 1002 3958 ebrei
1021 3909 1111 3975 popstt
1131 3907 1203 3960 ducis

111 4004 240 4064 parentur.
284 3996 374 4045 i'osteu
402 4011 464 4046 tero
491 3996 706 4062 amplritcionides
733 3997 828 4046 tercius
858 4011 872 4045 a
895 3995 1012 4062 Cecrope
1029 3996 1084 4047 Rex
1114 3997 1203 4047 urbem

112 4084 227 4136 Minerva
256 4085 366 4133 sacrarit
394 4084 559 4151 Athenasque
588 4085 701 4135 vocarit.
750 4083 799 4134 Sed
821 4086 946 4151 ipsaque
966 4085 1052 4150 grecie
1073 4084 1158 4135 lumen
1178 4093 1204 4136 et

115 4171 310 4238 pulchritudinis
323 4179 391 4221 toute
412 4173 459 4221 init
472 4171 539 4238 quod
555 4172 587 4221 de
606 4172 686 4238 ipsius
705 4172 871 4238 possessione
890 4173 956 4221 inter
975 4171 1037 4222 deos
1050 4171 1129 4223 tuisse
1143 4187 1203 4223 cer-

113 4269 196 4311 tamen
225 4259 350 4326 proditum
372 4261 412 4309 sit.
462 4259 540 4309 Bciiis
568 4259 683 4309 adversis
703 4261 782 4309 tracta
812 4267 838 4309 et
862 4259 953 4310 studiis
972 4262 1074 4325 optimis
1092 4259 1203 4327 spoliata

112 4348 226 4401 Sithiues
244 4349 268 4397 in
288 4349 420 4413 provincia
439 4349 568 4397 nourrinatu
588 4357 636 4398 eet.
674 4348 806 4398 Terentius
824 4355 908 4397 autent
929 4356 956 4397 ut
974 4347 1023 4397 dixi
1043 4347 1203 4400 maledicen-

120 4493 454 4504 ψ·-

169 4595 212 4663 10)
231 4594 306 4646 Diess
324 4593 374 4644 und
396 4593 461 4644 aiios
478 4594 610 4661 Fuigende
629 4595 695 4645 lasse
715 4593 755 4643 ich
771 4593 923 4645 absieirtiich
943 4609 1009 4660 ganz
1022 4593 1201 4646 unvcrtndert.

172 4684 215 4752 11)
238 4681 340 4734 Teneion
363 4681 424 4733 Cod.
