2820 5332
520 724 550 764 Χ.
592 726 635 767 1>ss
658 726 786 769 annino
814 727 912 770 HU'V

276 891 369 981 Quid
394 892 495 958 miehi
521 898 706 960 comminus
729 913 779 961 esc
812 895 940 986 gaudio
972 921 1074 990 qaam
1107 899 1146 965 id
1170 902 1274 994 qaod

766 1010 862 1076 abste
888 1029 1021 1103 cepeto.

275 1128 334 1190 Me
370 1129 560 1215 repperisse
583 1142 620 1189 ut
645 1124 779 1192 habitui
801 1144 885 1194 ante
916 1128 982 1196 liae
1004 1132 1071 1214 fni
1096 1129 1160 1196 tibi
1184 1136 1268 1197 esni·

762 1267 862 1309 mnm.
1219 1224 1223 1235 ²

200 1355 244 1422 15
276 1353 532 1446 Quoadcnnque
566 1356 750 1446 appliceris
784 1358 933 1425 studium
974 1358 1101 1426 exinde
1135 1365 1264 1427 interit

763 1490 835 1540 tute

269 1588 537 1654 lixis-amaveris.
554 1588 614 1655 'Id
637 1594 688 1655 ita
713 1614 786 1655 esse
798 1592 928 1676 faeere
956 1595 1190 1657 coniecturam
1215 1617 1263 1658 ea

757 1731 809 1770 me
833 1707 921 1772 licet.

265 1816 410 1884 Alienus
434 1819 531 1887 abste
556 1836 682 1886 tamen
709 1826 784 1913 quis
810 1838 846 1887 tn
873 1847 963 1888 esses
990 1847 1164 1890 noveram.
1190 1827 1257 1892 Ita

757 1961 812 2002 res
838 1955 889 2003 esc
912 1955 1059 2029 gnatam
1085 1939 1150 2005 tibi

264 2054 380 2117 Meam
404 2049 641 2117 Philumenam
667 2076 810 2118 uxorem
843 2070 877 2120 et
910 2054 1000 2120 dotis
1028 2080 1091 2121 sex
1116 2055 1258 2121 talenta

761 2168 922 2258 spondeo.

237 2354 473 2448 subiungimus
499 2357 683 2447 scripturae
710 2355 967 2449 discrepantiam
983 2360 1101 2450 Guycti
1125 2357 1188 2443 (G)
1216 2379 1252 2425 et

164 2471 290 2539 codicis
304 2472 484 2537 Ebucriani
501 2469 569 2558 (E),
592 2497 692 2565 quem
719 2490 754 2537 ut
767 2493 927 2565 appareat
953 2500 1018 2567 qua
1040 2473 1104 2538 fide
1130 2473 1250 2540 videa-

164 2611 218 2658 tur
238 2589 385 2655 Murrius
410 2589 604 2666 excussisse,
629 2586 725 2654 lubet
752 2589 847 2654 ctiam
875 2587 918 2656 ‹le
943 2590 1108 2657 Altorfino
1136 2588 1253 2655 diver-

163 2732 232 2771 sam
257 2731 274 2770 a
299 2702 506 2770 Doederlino
541 2704 660 2770 Murrii
696 2705 888 2770 memoriam
914 2703 971 2791 (A)
1008 2704 1140 2771 silentio
1177 2731 1257 2789 non,

163 2820 359 2914 praeterire.
410 2821 452 2884 Et
476 2843 694 2911 personarum
722 2818 858 2910 quidem
884 2821 1016 2887 nomina
1042 2822 1122 2886 inE
1147 2847 1252 2913 prac-

162 2939 257 3002 missa
286 2936 474 3001 haecsuut:
500 2933 707 3025 Pamphilus.
736 2934 904 3001 Chremes.
936 2936 1092 3002 Carinus.
1118 2938 1249 3003 Davus.

160 3051 262 3145 Apud
288 3054 319 3118 G
353 3052 571 3144 praemissum
604 3050 769 3117 eiusmodi
797 3049 898 3130 nihil,
932 3050 994 3116 sed
1026 3049 1151 3152 singuli
1177 3078 1251 3119 sei·-

160 3193 275 3237 moues
301 3168 490 3235 nominibus
514 3165 659 3232 distincti
685 3191 722 3230 ea
748 3167 884 3244 ratione,
911 3191 1009 3258 quam
1034 3167 1120 3231 iussa
1147 3186 1246 3233 nota-

160 3285 277 3350 vimus.
376 3286 417 3351 V.
444 3289 472 3348 1.
501 3307 530 3350 r.
557 3282 605 3348 Te
632 3281 662 3346 G
759 3299 868 3347 tecam
894 3283 1009 3347 om.F.
1113 3284 1145 3348 Q.
1172 3284 1246 3348 De-

160 3399 358 3491 disparem
382 3401 413 3466 G
575 3395 607 3463 3.
638 3411 740 3486 atque
769 3397 827 3461 illa
854 3401 960 3463 virum
985 3399 1024 3463 G.
1055 3412 1158 3486 atque
1185 3399 1226 3462 ill

158 3517 218 3581 EA
317 3517 349 3585 4.
372 3535 459 3584 CHA.
485 3516 592 3591 Dave,
620 3513 665 3578 ale
688 3515 778 3604 perii
802 3514 833 3579 G
952 3516 1022 3578 vita
1048 3536 1141 3576 senne
1166 3537 1244 3579 sors

160 3630 191 3695 G
324 3635 356 3701 5.
391 3632 473 3697 Non
499 3653 585 3696 nove
611 3629 742 3696 isthaec
767 3629 803 3692 E.
831 3647 912 3696 can.
935 3629 1016 3693 Non
1043 3651 1133 3692 nora
1158 3632 1247 3694 istee

159 3748 189 3811 G
271 3745 302 3812 6.
328 3766 386 3816 cn.
415 3746 536 3813 Occidi
559 3749 670 3819 Dave,
693 3747 790 3836 perii.
814 3763 894 3814 criu.
922 3742 993 3810 Sed
1018 3741 1054 3808 id
1081 3745 1110 3810 G
1209 3747 1242 3811 7.

158 3860 285 3928 ideirco
310 3863 341 3928 G
455 3867 596 3929 onmino
623 3885 687 3927 om.
714 3860 746 3925 G
846 3853 905 3951 mi]
932 3859 1014 3926 milii
1039 3859 1139 3924 EGA.
1166 3861 1244 3926 Non

156 3986 362 4066 dubitamus,
400 3987 482 4078 quin
516 3988 549 4051 in
578 3980 698 4050 codice
724 3984 884 4075 scriptum
910 3986 952 4050 sit
983 3969 1037 4058 ris,
1070 4007 1138 4075 quo
1172 4008 1243 4048 non

154 4102 356 4194 significatur
378 4090 436 4176 nii,
459 4099 518 4166 scd
546 4101 617 4192 ipsa
644 4096 745 4192 plena
771 4099 877 4166 souma
900 4098 991 4164 nsilei.
1090 4121 1120 4164 Ρ.
1147 4100 1243 4164 Hem

153 4232 230 4280 tace
258 4217 289 4282 G
388 4217 420 4284 8.
446 4234 526 4284 cau.
553 4213 625 4281 Sed
649 4215 679 4279 G
779 4209 890 4300 scobis]
917 4219 1045 4279 nostris
1069 4214 1161 4279 EGA

156 4337 210 4398 11.
238 4358 266 4398 r.
294 4336 399 4401 Bene.
427 4333 577 4409 Factum
601 4332 631 4396 G
777 4347 878 4421 atque
904 4353 971 4420 age
998 4329 1128 4394 isarnini
1152 4355 1242 4419 gra-

149 4452 216 4513 tias
241 4450 276 4512 1⁴2.
304 4467 406 4542 atque
431 4473 498 4538 age
524 4451 660 4537 gratias
685 4446 817 4511 lsornini
841 4447 880 4512 G.
911 4472 977 4538 age
999 4450 1136 4537 gratias
1164 4447 1194 4510 A

195 4583 284 4633 CHA.
310 4563 428 4630 Salvos
452 4563 481 4628 G
599 4565 653 4630 12.
688 4562 771 4628 rniln
795 4565 955 4650 agissisne
981 4562 1051 4626 EG.
1073 4565 1240 4649 agissime

146 4681 175 4750 Α
308 4680 361 4748 13.
388 4677 479 4770 quod
503 4678 585 4745 milii
610 4681 794 4745 cumminas
821 4679 880 4744 EG
1007 4673 1117 4763 abste]
1148 4703 1172 4741 a
1199 4694 1236 4741 te
