2820 5332
420 709 443 752 ι.
469 709 511 751 ue
539 709 655 757 »carri
684 711 808 751 rorzaar:
837 712 1029 754 uoutuuvs.
1202 688 1249 757 ili

162 902 232 969 que
258 877 411 945 ultimum
437 869 630 970 exemplum
655 880 720 948 hoc
745 898 921 972 posuerat:
947 879 1096 946 eiusdem
1122 878 1252 965 (Ennii)

164 993 207 1059 ab
231 993 354 1074 haedo,
382 994 549 1058 clamor
573 1012 608 1060 et
633 994 690 1059 ad
715 996 883 1060 caelum
906 993 1149 1061 volvendus
1173 1018 1254 1085 pet·

160 1108 362 1176 aethora.
376 1114 484 1199 uugi
491 1124 504 1173 t
517 1106 558 1193 *).
584 1111 652 1176 Iam
678 1111 725 1178 sie
751 1110 830 1177 libri
844 1125 1005 1202 pergunt:
1022 1115 1129 1191 sueta
1141 1111 1253 1193 fren-

161 1223 240 1289 dics
255 1223 398 1309 frunda
421 1238 456 1290 ct
479 1226 644 1310 frutiuni
669 1229 829 1306 securiter
855 1229 1002 1290 muccius
1027 1228 1066 1289 in
1087 1227 1205 1305 coloro
1229 1244 1253 1289 o

152 1339 351 1429 fringuiila
375 1363 404 1405 c.
432 1365 464 1431 q.
491 1363 516 1403 s.
543 1340 665 1431 cupis?
680 1345 765 1423 sues
788 1339 979 1407 occuluerat.
1006 1390 1014 1407 .
1040 1386 1048 1401 .
1075 1382 1085 1401 .
1125 1339 1153 1401 Ε
1180 1338 1256 1428 qui·

163 1455 227 1520 bus
246 1455 332 1520 haec
345 1453 456 1521 effecit
470 1453 670 1521 Muellerus:
685 1455 784 1522 Sueti
801 1479 823 1519 ιι
844 1455 1031 1539 freudicc:
1055 1475 1073 1517 e
1083 1456 1120 1538 f
1121 1448 1256 1516 ruodo

160 1572 362 1652 fritinni
389 1572 598 1635 suaviter.
640 1573 735 1636 Muti
757 1597 778 1634 ιι
799 1597 820 1633 ιι
842 1595 863 1633 ιι
888 1595 925 1636 ιιι
952 1571 1082 1638 Casino
1104 1591 1128 1630 u
1154 1569 1257 1653 frin-

164 1684 275 1774 guillu
301 1710 331 1750 e.
358 1711 393 1776 q.
418 1709 444 1750 s.
472 1689 605 1775 cupis.
631 1684 730 1752 Sucti
748 1711 771 1749 u
791 1684 986 1751 volucribus.
1009 1732 1017 1748 .
1044 1731 1051 1748 .
1077 1728 1086 1747 .
1112 1706 1259 1774 quorum

167 1815 351 1865 extremum
377 1798 576 1865 vocabulum
606 1818 739 1866 eatenus
768 1802 953 1890 praeiverat
977 1795 1178 1889 Spengelius
1195 1784 1257 1878 u),

168 1911 261 2003 quod
286 1937 310 1976 a
337 1913 467 1978 volucri
491 1932 723 2004 proposuerat.
761 1917 836 1981 Non
859 1915 969 2006 potuit
987 1911 1173 1977 Muellerus
1197 1932 1259 1975 no-

167 2043 235 2093 stra
255 2028 419 2094 sententia
442 2027 619 2095 infelicius.
669 2032 752 2096 Nam
786 2030 933 2120 primum
965 2027 1076 2095 nirllus
1112 2046 1260 2118 unquam

168 2140 347 2208 Suetius
377 2160 478 2234 poeta
507 2143 576 2212 fuit.
630 2145 739 2225 Quem
772 2142 832 2209 ille
867 2160 944 2234 post
976 2143 1131 2209 Botlrium
1165 2143 1258 2211 Poct.

168 2279 260 2321 acen.
287 2255 402 2348 fragm.
427 2256 470 2334 Il,
496 2282 530 2349 p.
556 2254 604 2327 34
627 2255 777 2350 aliosque
806 2258 988 2324 eCliarisii
1015 2257 1124 2323 verbis
1150 2279 1262 2322 arces·-
1372 2256 1379 2269 ¹

169 2371 246 2435 sivit
268 2394 305 2460 p.
331 2370 381 2438 80
406 2369 554 2461 exempli
575 2373 781 2438 Putschiani:
822 2371 962 2448 (iulum,
987 2387 1024 2437 ut
1047 2372 1155 2438 Iulius
1178 2371 1260 2439 Mo-

169 2483 287 2550 destus
313 2489 374 2564 uit,
397 2510 461 2577 per
482 2509 504 2549 u
526 2484 726 2561 scribemus,
749 2510 821 2551 nou
845 2512 909 2576 pei·
929 2511 975 2572 y,
1005 2510 1092 2578 quae
1126 2488 1263 2577 graecis

172 2599 343 2667 vocubulis
369 2606 567 2667 itecessuria
595 2617 702 2667 estet
728 2626 830 2693 saepe
857 2608 937 2667 inu
963 2607 1104 2677 transit,
1127 2617 1164 2666 ut
1178 2599 1264 2667 Suc-

170 2717 243 2779 cius
276 2719 328 2781 ait
354 2717 392 2779 iu
419 2715 543 2780 Mido:
572 2720 693 2782 intur
724 2742 770 2783 sc
795 2716 1075 2807 degularunt
1101 2718 1264 2790 omnia,-

172 2853 293 2920 parum
317 2855 395 2896 sanc
415 2829 647 2898 considerate:
675 2833 749 2923 quis
777 2834 865 2896 enim
881 2829 925 2895 dc
944 2830 1148 2929 ignotissimo
1164 2843 1265 2918 poeta

173 2943 278 3011 {idem
308 2946 340 3010 ci
377 2946 568 3011 testimonio
599 2945 736 3021 habeat,
776 2969 843 3035 quo
874 2942 971 3008 simul
1006 2942 1124 3009 Midas
1154 2939 1266 3007 fabula

174 3059 342 3151 prodeat?
372 3059 421 3127 Ac
447 3057 548 3150 longc
575 3054 666 3123 aliud
693 3056 856 3149 quiddam
876 3060 910 3121 in
933 3059 1007 3149 ipso
1031 3056 1150 3125 codice
1176 3054 1266 3121 Cha-

176 3175 247 3240 risii
271 3148 472 3265 comparuit:
501 3176 548 3242 Vs
575 3174 758 3255 Iusttcmur
781 3178 832 3240 uit
858 3177 894 3239 iu
923 3198 1020 3238 nuru.
1048 3174 1137 3239 Haec
1155 3189 1264 3239 autem

176 3291 312 3382 vestigia
340 3290 459 3356 veteris
485 3289 683 3379 scripturae,
709 3289 756 3355 sic
777 3287 915 3379 quidem
932 3287 1267 3379 courprehenseeuui

175 3405 362 3495 prioribus:
393 3406 924 3486 tr·aifittttinsuemuraitinuaro,
950 3400 1041 3467 haud
1063 3402 1132 3468 scio
1159 3425 1202 3465 an
1232 3401 1268 3466 iu

176 3519 264 3586 hanc
299 3536 448 3610 partem:
501 3520 1064 3608 transituttitioiusufitrpatiuuuro
1104 3537 1173 3580 non
1215 3516 1269 3580 in·

182 3631 358 3700 commode
388 3635 613 3723 interpreter,
667 3631 701 3702 h.
737 3657 765 3696 c.
805 3648 841 3696 ut
875 3634 1023 3699 Titinius
1058 3647 1199 3722 usurpat
1231 3635 1269 3698 in

178 3750 272 3816 Varo
300 3744 376 3829 Μ).
427 3749 501 3830 Quo
546 3749 679 3813 nornine
711 3747 788 3814 satis
823 3765 901 3814 uota
932 3749 1048 3829 Titinii
1081 3745 1291 3815 comedim·

171 3889 463 3905 mh*

230 3980 256 4044 ⁶)
281 3975 324 4026 Sic
343 3975 410 4026 cuim
428 3989 479 4025 una
499 3976 594 4027 inserta
613 3984 637 4027 ct
656 3975 750 4026 vocis
770 3975 944 4029 lrexaiuctrum
964 3993 1067 4030 versum
1090 3982 1215 4048 restituo,
1242 3984 1270 4027 ut

284 4061 423 4114 soluendus
443 4062 529 4114 relect
549 4062 741 4137 ἑλισσόμενος.
780 4064 904 4132 Nugatur,
927 4073 954 4116 ut
972 4066 1054 4116 dicam
1071 4065 1140 4132 quod
1159 4080 1201 4114 scs
1221 4072 1270 4125 cst,

285 4146 434 4209 liudierus,
455 4149 574 4200 licentius
595 4159 721 4217 evogatus
739 4151 864 4218 Scaliger.

215 4245 255 4308 ⁶¹)
285 4242 398 4294 Permirs
423 4242 492 4295 iduor
520 4246 633 4295 ιιιιιιίιιι
661 4259 786 4295 rocetos
810 4244 938 4310 prioribus
963 4244 1112 4310 diremptam
1135 4245 1176 4295 sic
1190 4246 1273 4297 iunxit

285 4345 344 4381 cam
362 4331 500 4396 proximis:
534 4331 657 4382 Suaviter
675 4331 712 4382 li.
732 4331 827 4382 Accius
848 4333 877 4382 ιἰι
896 4331 1012 4382 Casina:
1041 4329 1112 4397 quod
1135 4332 1273 4398 quidemn

284 4431 363 4467 seusu
385 4432 484 4484 usuque
511 4417 632 4469 Varronis
652 4414 804 4483 longissime
822 4417 906 4468 distat.

195 4514 251 4578 Μ)
278 4508 317 4560 Nc
337 4510 395 4577 quis
419 4519 525 4578 mrpot
550 4509 613 4587 illud
637 4509 748 4562 alienum
774 4526 788 4560 a
810 4511 927 4563 charisio
956 4521 1045 4578 irritet,
1072 4520 1132 4565 utor
1156 4510 1272 4562 eiusdem

285 4598 441 4658 arammatici
463 4597 512 4648 hoc
532 4597 651 4662 exempli
671 4612 696 4664 p.
719 4598 769 4650 178
786 4598 828 4650 l'.:
853 4599 979 4651 Donicum
997 4616 1045 4670 pro
1059 4602 1149 4653 tame.
1171 4599 1213 4652 lta
1225 4597 1273 4649 tt-

282 4684 339 4735 oius
356 4685 385 4734 ιἰι
403 4686 489 4751 quinto
513 4693 637 4753 usurpu:
