<?xml version="1.0" encoding="UTF-8"?>
<!DOCTYPE html PUBLIC "-//W3C//DTD XHTML 1.0 Transitional//EN"
    "http://www.w3.org/TR/xhtml1/DTD/xhtml1-transitional.dtd">
<html xmlns="http://www.w3.org/1999/xhtml" xml:lang="en" lang="en">
 <head>
  <title>
</title>
<meta http-equiv="Content-Type" content="text/html;charset=utf-8" />
  <meta name='ocr-system' content='tesseract 3.04.00' />
  <meta name='ocr-capabilities' content='ocr_page ocr_carea ocr_par ocr_line ocrx_word'/>
</head>
<body>
  <div class='ocr_page' id='page_1' title='image "./parergonplautin01ritsgoog_0394.png"; bbox 0 0 2820 5332; ppageno 0'>
   <div class='ocr_carea' id='block_1_1' title="bbox 404 719 1246 791">
    <p class='ocr_par' dir='ltr' id='par_1_1' title="bbox 404 719 1246 791">
     <span class='ocr_line' id='line_1_1' title="bbox 404 719 1246 791; baseline 0.005 -7"><span class='ocrx_word' id='word_1_1' title='bbox 404 740 433 786; x_wconf 77' lang='lat' dir='ltr'>s.</span> <span class='ocrx_word' id='word_1_2' title='bbox 460 744 502 787; x_wconf 84' lang='lat' dir='ltr'>on</span> <span class='ocrx_word' id='word_1_3' title='bbox 529 743 630 790; x_wconf 74' lang='lat' dir='ltr'>ieris</span> <span class='ocrx_word' id='word_1_4' title='bbox 659 742 825 787; x_wconf 76' lang='lat' dir='ltr'>retusum</span> <span class='ocrx_word' id='word_1_5' title='bbox 852 744 1017 788; x_wconf 78' lang='lat' dir='ltr'>aenaeae.</span> <span class='ocrx_word' id='word_1_6' title='bbox 1175 719 1246 791; x_wconf 84' lang='grc'>353</span> 
     </span>
    </p>
   </div>
   <div class='ocr_carea' id='block_1_2' title="bbox 91 913 1264 3555">
    <p class='ocr_par' dir='ltr' id='par_1_2' title="bbox 91 913 1258 2514">
     <span class='ocr_line' id='line_1_2' title="bbox 158 913 1247 1008; baseline -0.005 -23"><span class='ocrx_word' id='word_1_7' title='bbox 158 920 210 985; x_wconf 84' lang='lat' dir='ltr'>nis</span> <span class='ocrx_word' id='word_1_8' title='bbox 235 915 430 985; x_wconf 84' lang='lat' dir='ltr'>redundare</span> <span class='ocrx_word' id='word_1_9' title='bbox 456 916 491 980; x_wconf 87' lang='lat' dir='ltr'>in</span> <span class='ocrx_word' id='word_1_10' title='bbox 516 913 707 1007; x_wconf 74' lang='lat' dir='ltr'>pleniorem</span> <span class='ocrx_word' id='word_1_11' title='bbox 732 933 919 1008; x_wconf 83' lang='lat' dir='ltr'>temporum</span> <span class='ocrx_word' id='word_1_12' title='bbox 944 913 1079 982; x_wconf 88' lang='lat' dir='ltr'>illorum</span> <span class='ocrx_word' id='word_1_13' title='bbox 1100 939 1247 983; x_wconf 90' lang='lat' dir='ltr'>morum-</span> 
     </span>
     <span class='ocr_line' id='line_1_3' title="bbox 91 1031 1247 1129; baseline -0.004 -28"><span class='ocrx_word' id='word_1_14' title='bbox 91 1043 92 1047; x_wconf 73' lang='grc'>’</span> <span class='ocrx_word' id='word_1_15' title='bbox 159 1061 226 1129; x_wconf 88' lang='lat' dir='ltr'>que</span> <span class='ocrx_word' id='word_1_16' title='bbox 250 1035 473 1127; x_wconf 76' lang='lat' dir='ltr'>cognitionem</span> <span class='ocrx_word' id='word_1_17' title='bbox 500 1050 623 1124; x_wconf 91' lang='lat' dir='ltr'>posset,</span> <span class='ocrx_word' id='word_1_18' title='bbox 646 1057 713 1098; x_wconf 90' lang='lat' dir='ltr'>uno</span> <span class='ocrx_word' id='word_1_19' title='bbox 729 1033 833 1100; x_wconf 86' lang='lat' dir='ltr'>verbo</span> <span class='ocrx_word' id='word_1_20' title='bbox 848 1057 1038 1099; x_wconf 87' lang='lat' dir='ltr'>monerem:</span> <span class='ocrx_word' id='word_1_21' title='bbox 1052 1036 1141 1100; x_wconf 91' lang='lat' dir='ltr'>&#39;cum</span> <span class='ocrx_word' id='word_1_22' title='bbox 1165 1031 1247 1096; x_wconf 85' lang='lat' dir='ltr'>milri</span> 
     </span>
     <span class='ocr_line' id='line_1_4' title="bbox 159 1146 1248 1241; baseline -0.01 -21"><span class='ocrx_word' id='word_1_23' title='bbox 159 1153 276 1221; x_wconf 82' lang='lat' dir='ltr'>allatae</span> <span class='ocrx_word' id='word_1_24' title='bbox 303 1167 378 1218; x_wconf 90' lang='lat' dir='ltr'>sunt</span> <span class='ocrx_word' id='word_1_25' title='bbox 401 1149 544 1216; x_wconf 77' lang='lat' dir='ltr'>Simonis</span> <span class='ocrx_word' id='word_1_26' title='bbox 568 1149 827 1241; x_wconf 85' lang='lat' dir='ltr'>Visseringi</span> <span class='ocrx_word' id='word_1_27' title='bbox 852 1150 962 1214; x_wconf 83' lang='lat' dir='ltr'>Batavi</span> <span class='ocrx_word' id='word_1_28' title='bbox 987 1147 1150 1214; x_wconf 89' lang='lat' dir='ltr'>beneficio</span> <span class='ocrx_word' id='word_1_29' title='bbox 1178 1146 1248 1214; x_wconf 84' lang='lat' dir='ltr'>eius</span> 
     </span>
     <span class='ocr_line' id='line_1_5' title="bbox 163 1262 1251 1355; baseline -0.006 -19"><span class='ocrx_word' id='word_1_30' title='bbox 163 1268 384 1354; x_wconf 81' lang='lat' dir='ltr'>Quaestiones</span> <span class='ocrx_word' id='word_1_31' title='bbox 407 1263 576 1330; x_wconf 78' lang='lat' dir='ltr'><strong>Plautinae</strong></span> <span class='ocrx_word' id='word_1_32' title='bbox 596 1262 858 1330; x_wconf 84' lang='lat' dir='ltr'>Amstelaedami</span> <span class='ocrx_word' id='word_1_33' title='bbox 882 1266 1036 1355; x_wconf 80' lang='lat' dir='ltr'>proximo</span> <span class='ocrx_word' id='word_1_34' title='bbox 1064 1280 1150 1330; x_wconf 85' lang='lat' dir='ltr'>anno</span> <span class='ocrx_word' id='word_1_35' title='bbox 1179 1266 1251 1331; x_wconf 89' lang='lat' dir='ltr'>cdi·</span> 
     </span>
     <span class='ocr_line' id='line_1_6' title="bbox 161 1377 1253 1475; baseline -0.006 -22"><span class='ocrx_word' id='word_1_36' title='bbox 161 1405 225 1454; x_wconf 90' lang='lat' dir='ltr'>tae.</span> <span class='ocrx_word' id='word_1_37' title='bbox 270 1385 309 1450; x_wconf 91' lang='lat' dir='ltr'>ln</span> <span class='ocrx_word' id='word_1_38' title='bbox 344 1382 466 1475; x_wconf 90' lang='lat' dir='ltr'>quibus</span> <span class='ocrx_word' id='word_1_39' title='bbox 499 1404 574 1445; x_wconf 90' lang='lat' dir='ltr'>cum</span> <span class='ocrx_word' id='word_1_40' title='bbox 609 1377 672 1444; x_wconf 86' lang='lat' dir='ltr'>alia</span> <span class='ocrx_word' id='word_1_41' title='bbox 705 1390 775 1445; x_wconf 82' lang='lat' dir='ltr'>non</span> <span class='ocrx_word' id='word_1_42' title='bbox 796 1378 1064 1472; x_wconf 80' lang='lat' dir='ltr'>improbabiliter</span> <span class='ocrx_word' id='word_1_43' title='bbox 1088 1377 1253 1471; x_wconf 84' lang='lat' dir='ltr'>disputata</span> 
     </span>
     <span class='ocr_line' id='line_1_7' title="bbox 164 1492 1253 1589; baseline -0.006 -23"><span class='ocrx_word' id='word_1_44' title='bbox 164 1518 250 1580; x_wconf 90' lang='lat' dir='ltr'>sunt,</span> <span class='ocrx_word' id='word_1_45' title='bbox 275 1517 344 1563; x_wconf 91' lang='lat' dir='ltr'>tum</span> <span class='ocrx_word' id='word_1_46' title='bbox 370 1493 533 1589; x_wconf 82' lang='lat' dir='ltr'><strong>quaedam</strong></span> <span class='ocrx_word' id='word_1_47' title='bbox 560 1492 603 1559; x_wconf 84' lang='lat' dir='ltr'>ad</span> <span class='ocrx_word' id='word_1_48' title='bbox 629 1495 862 1561; x_wconf 89' lang='lat' dir='ltr'>Trinummum</span> <span class='ocrx_word' id='word_1_49' title='bbox 885 1497 1056 1587; x_wconf 85' lang='lat' dir='ltr'>pertinent</span> <span class='ocrx_word' id='word_1_50' title='bbox 1080 1519 1186 1587; x_wconf 86' lang='lat' dir='ltr'>eaque</span> <span class='ocrx_word' id='word_1_51' title='bbox 1213 1517 1253 1560; x_wconf 82' lang='lat' dir='ltr'>ex</span> 
     </span>
     <span class='ocr_line' id='line_1_8' title="bbox 163 1610 1254 1708; baseline -0.006 -26"><span class='ocrx_word' id='word_1_52' title='bbox 163 1635 260 1708; x_wconf 85' lang='lat' dir='ltr'>parte</span> <span class='ocrx_word' id='word_1_53' title='bbox 294 1638 371 1679; x_wconf 92' lang='lat' dir='ltr'>cum</span> <span class='ocrx_word' id='word_1_54' title='bbox 398 1612 525 1677; x_wconf 79' lang='lat' dir='ltr'>&#39;nostris</span> <span class='ocrx_word' id='word_1_55' title='bbox 552 1610 891 1703; x_wconf 70' lang='lat' dir='ltr'>argumentationibus</span> <span class='ocrx_word' id='word_1_56' title='bbox 919 1612 1141 1703; x_wconf 80' lang='lat' dir='ltr'>congruentia.</span> <span class='ocrx_word' id='word_1_57' title='bbox 1194 1611 1254 1675; x_wconf 89' lang='lat' dir='ltr'>Et-</span> 
     </span>
     <span class='ocr_line' id='line_1_9' title="bbox 164 1722 1254 1819; baseline -0.006 -23"><span class='ocrx_word' id='word_1_58' title='bbox 164 1731 255 1796; x_wconf 87' lang='lat' dir='ltr'>enim</span> <span class='ocrx_word' id='word_1_59' title='bbox 281 1753 337 1794; x_wconf 88' lang='lat' dir='ltr'>eos</span> <span class='ocrx_word' id='word_1_60' title='bbox 365 1727 423 1819; x_wconf 91' lang='lat' dir='ltr'>qui</span> <span class='ocrx_word' id='word_1_61' title='bbox 449 1744 525 1791; x_wconf 89' lang='lat' dir='ltr'>sunt</span> <span class='ocrx_word' id='word_1_62' title='bbox 549 1725 619 1804; x_wconf 87' lang='lat' dir='ltr'>lV,</span> <span class='ocrx_word' id='word_1_63' title='bbox 646 1722 685 1804; x_wconf 71' lang='grc'>4,</span> <span class='ocrx_word' id='word_1_64' title='bbox 712 1728 758 1795; x_wconf 71' lang='lat'>‘25</span> <span class='ocrx_word' id='word_1_65' title='bbox 786 1750 860 1818; x_wconf 85' lang='lat' dir='ltr'><strong>sqq.</strong></span> <span class='ocrx_word' id='word_1_66' title='bbox 895 1750 1009 1792; x_wconf 86' lang='lat' dir='ltr'>versus</span> <span class='ocrx_word' id='word_1_67' title='bbox 1032 1724 1091 1791; x_wconf 92' lang='lat' dir='ltr'>ille</span> <span class='ocrx_word' id='word_1_68' title='bbox 1118 1750 1254 1818; x_wconf 87' lang='lat' dir='ltr'>quoque</span> 
     </span>
     <span class='ocr_line' id='line_1_10' title="bbox 163 1839 1254 1934; baseline -0.004 -24"><span class='ocrx_word' id='word_1_69' title='bbox 163 1841 208 1910; x_wconf 80' lang='lat' dir='ltr'>ad</span> <span class='ocrx_word' id='word_1_70' title='bbox 246 1840 404 1908; x_wconf 88' lang='lat' dir='ltr'>ambitum</span> <span class='ocrx_word' id='word_1_71' title='bbox 442 1839 569 1906; x_wconf 86' lang='lat' dir='ltr'>rettulit</span> <span class='ocrx_word' id='word_1_72' title='bbox 608 1843 693 1905; x_wconf 86' lang='lat' dir='ltr'>Part.</span> <span class='ocrx_word' id='word_1_73' title='bbox 723 1839 770 1920; x_wconf 95' lang='lat' dir='ltr'>ll,</span> <span class='ocrx_word' id='word_1_74' title='bbox 798 1867 830 1933; x_wconf 89' lang='lat' dir='ltr'>p.</span> <span class='ocrx_word' id='word_1_75' title='bbox 857 1841 912 1921; x_wconf 85' lang='lat'>19,</span> <span class='ocrx_word' id='word_1_76' title='bbox 939 1841 1254 1934; x_wconf 79' lang='lat' dir='ltr'>triumphoiumque</span> 
     </span>
     <span class='ocr_line' id='line_1_11' title="bbox 164 1954 1257 2050; baseline -0.002 -24"><span class='ocrx_word' id='word_1_77' title='bbox 164 1959 272 2027; x_wconf 85' lang='lat' dir='ltr'>Fulvii</span> <span class='ocrx_word' id='word_1_78' title='bbox 298 1958 479 2025; x_wconf 84' lang='lat' dir='ltr'>Nobilioris</span> <span class='ocrx_word' id='word_1_79' title='bbox 507 1955 693 2049; x_wconf 77' lang='lat' dir='ltr'>Manliique</span> <span class='ocrx_word' id='word_1_80' title='bbox 720 1954 876 2023; x_wconf 87' lang='lat' dir='ltr'>Vulsonis</span> <span class='ocrx_word' id='word_1_81' title='bbox 901 1957 1064 2050; x_wconf 85' lang='lat' dir='ltr'>exemplis</span> <span class='ocrx_word' id='word_1_82' title='bbox 1082 1956 1257 2024; x_wconf 86' lang='lat' dir='ltr'>illustravit</span> 
     </span>
     <span class='ocr_line' id='line_1_12' title="bbox 167 2070 1258 2167; baseline 0.001 -30"><span class='ocrx_word' id='word_1_83' title='bbox 167 2080 203 2142; x_wconf 82' lang='lat' dir='ltr'>P.</span> <span class='ocrx_word' id='word_1_84' title='bbox 227 2077 252 2155; x_wconf 89' lang='lat' dir='ltr'>I,</span> <span class='ocrx_word' id='word_1_85' title='bbox 275 2101 308 2167; x_wconf 87' lang='lat' dir='ltr'>p.</span> <span class='ocrx_word' id='word_1_86' title='bbox 333 2075 401 2143; x_wconf 73' lang='lat'>‘282</span> <span class='ocrx_word' id='word_1_87' title='bbox 423 2070 520 2140; x_wconf 79' lang='lat' dir='ltr'>nibil¹</span> <span class='ocrx_word' id='word_1_88' title='bbox 539 2089 646 2137; x_wconf 87' lang='lat' dir='ltr'>tamen</span> <span class='ocrx_word' id='word_1_89' title='bbox 674 2071 716 2136; x_wconf 87' lang='lat' dir='ltr'>ad</span> <span class='ocrx_word' id='word_1_90' title='bbox 742 2090 880 2138; x_wconf 88' lang='lat' dir='ltr'>aetatem</span> <span class='ocrx_word' id='word_1_91' title='bbox 908 2075 1097 2139; x_wconf 90' lang='lat' dir='ltr'>Trinummi</span> <span class='ocrx_word' id='word_1_92' title='bbox 1123 2075 1258 2139; x_wconf 88' lang='lat' dir='ltr'>investi-</span> 
     </span>
     <span class='ocr_line' id='line_1_13' title="bbox 169 2187 1258 2286; baseline -0.002 -28"><span class='ocrx_word' id='word_1_93' title='bbox 169 2190 312 2286; x_wconf 82' lang='lat' dir='ltr'>gandam</span> <span class='ocrx_word' id='word_1_94' title='bbox 339 2187 419 2255; x_wconf 86' lang='lat' dir='ltr'>inde</span> <span class='ocrx_word' id='word_1_95' title='bbox 446 2187 616 2281; x_wconf 83' lang='lat' dir='ltr'>colligens.</span> <span class='ocrx_word' id='word_1_96' title='bbox 666 2191 841 2255; x_wconf 79' lang='lat' dir='ltr'>Praeterea</span> <span class='ocrx_word' id='word_1_97' title='bbox 870 2188 906 2270; x_wconf 91' lang='grc' dir='ltr'>Ι,</span> <span class='ocrx_word' id='word_1_98' title='bbox 929 2215 962 2282; x_wconf 88' lang='lat' dir='ltr'>p.</span> <span class='ocrx_word' id='word_1_99' title='bbox 990 2192 1035 2259; x_wconf 72' lang='lat'>‘25</span> <span class='ocrx_word' id='word_1_100' title='bbox 1070 2189 1112 2256; x_wconf 87' lang='lat' dir='ltr'>ad</span> <span class='ocrx_word' id='word_1_101' title='bbox 1139 2193 1258 2258; x_wconf 85' lang='lat' dir='ltr'>carita-</span> 
     </span>
     <span class='ocr_line' id='line_1_14' title="bbox 168 2302 1258 2396; baseline 0.001 -25"><span class='ocrx_word' id='word_1_102' title='bbox 168 2326 237 2372; x_wconf 89' lang='lat' dir='ltr'>tem</span> <span class='ocrx_word' id='word_1_103' title='bbox 261 2330 422 2383; x_wconf 86' lang='lat' dir='ltr'>annonae,</span> <span class='ocrx_word' id='word_1_104' title='bbox 458 2328 558 2396; x_wconf 87' lang='lat' dir='ltr'>qnam</span> <span class='ocrx_word' id='word_1_105' title='bbox 586 2302 691 2370; x_wconf 86' lang='lat' dir='ltr'>videri</span> <span class='ocrx_word' id='word_1_106' title='bbox 711 2307 782 2396; x_wconf 63' lang='lat' dir='ltr'>&#39;per</span> <span class='ocrx_word' id='word_1_107' title='bbox 804 2329 901 2371; x_wconf 89' lang='lat' dir='ltr'>omne</span> <span class='ocrx_word' id='word_1_108' title='bbox 926 2307 1042 2372; x_wconf 91' lang='lat' dir='ltr'>Punici</span> <span class='ocrx_word' id='word_1_109' title='bbox 1064 2303 1149 2372; x_wconf 87' lang='lat' dir='ltr'>belli</span> <span class='ocrx_word' id='word_1_110' title='bbox 1174 2324 1258 2372; x_wconf 87' lang='lat' dir='ltr'>tem-</span> 
     </span>
     <span class='ocr_line' id='line_1_15' title="bbox 170 2416 1258 2514; baseline 0.003 -30"><span class='ocrx_word' id='word_1_111' title='bbox 170 2444 232 2514; x_wconf 85' lang='lat' dir='ltr'>pus</span> <span class='ocrx_word' id='word_1_112' title='bbox 259 2416 483 2512; x_wconf 78' lang='lat' dir='ltr'>gravissimam</span> <span class='ocrx_word' id='word_1_113' title='bbox 510 2418 636 2496; x_wconf 85' lang='lat' dir='ltr'>luisse,</span> <span class='ocrx_word' id='word_1_114' title='bbox 660 2437 811 2510; x_wconf 84' lang='lat' dir='ltr'>spectare</span> <span class='ocrx_word' id='word_1_115' title='bbox 838 2420 923 2485; x_wconf 86' lang='lat' dir='ltr'>haec</span> <span class='ocrx_word' id='word_1_116' title='bbox 949 2419 1034 2485; x_wconf 86' lang='lat' dir='ltr'>dixit</span> <span class='ocrx_word' id='word_1_117' title='bbox 1054 2420 1107 2500; x_wconf 87' lang='lat' dir='ltr'>Il,</span> <span class='ocrx_word' id='word_1_118' title='bbox 1133 2416 1167 2502; x_wconf 78' lang='grc'>4,</span> <span class='ocrx_word' id='word_1_119' title='bbox 1193 2421 1258 2491; x_wconf 71' lang='lat'>82:</span> 
     </span>
    </p>

    <p class='ocr_par' dir='ltr' id='par_1_3' title="bbox 175 2535 1168 2744">
     <span class='ocr_line' id='line_1_16' title="bbox 276 2535 1168 2603; baseline 0.002 -2"><span class='ocrx_word' id='word_1_120' title='bbox 276 2538 396 2603; x_wconf 82' lang='lat' dir='ltr'>Coena</span> <span class='ocrx_word' id='word_1_121' title='bbox 419 2535 484 2598; x_wconf 80' lang='lat' dir='ltr'>buc</span> <span class='ocrx_word' id='word_1_122' title='bbox 506 2557 653 2599; x_wconf 74' lang='lat' dir='ltr'>auriana</span> <span class='ocrx_word' id='word_1_123' title='bbox 677 2551 731 2598; x_wconf 75' lang='lat' dir='ltr'>est</span> <span class='ocrx_word' id='word_1_124' title='bbox 756 2539 831 2599; x_wconf 84' lang='lat' dir='ltr'>sine</span> <span class='ocrx_word' id='word_1_125' title='bbox 855 2539 963 2601; x_wconf 77' lang='lat' dir='ltr'>sacris</span> <span class='ocrx_word' id='word_1_126' title='bbox 986 2536 1168 2603; x_wconf 73' lang='lat' dir='ltr'>hereditas.</span> 
     </span>
     <span class='ocr_line' id='line_1_17' title="bbox 175 2636 946 2744; baseline -0.001 -27"><span class='ocrx_word' id='word_1_127' title='bbox 175 2656 250 2738; x_wconf 80' lang='lat' dir='ltr'>Qiio</span> <span class='ocrx_word' id='word_1_128' title='bbox 276 2669 432 2744; x_wconf 59' lang='lat' dir='ltr'>{inlaterat</span> <span class='ocrx_word' id='word_1_129' title='bbox 457 2670 590 2717; x_wconf 86' lang='lat' dir='ltr'>versum</span> <span class='ocrx_word' id='word_1_130' title='bbox 617 2653 643 2731; x_wconf 90' lang='lat' dir='ltr'>l,</span> <span class='ocrx_word' id='word_1_131' title='bbox 671 2656 700 2729; x_wconf 91' lang='lat' dir='ltr'>l,</span> <span class='ocrx_word' id='word_1_132' title='bbox 731 2636 781 2720; x_wconf 86' lang='grc' dir='ltr'>10Ι</span> <span class='ocrx_word' id='word_1_133' title='bbox 800 2650 946 2718; x_wconf 89' lang='lat' dir='ltr'>addere:</span> 
     </span>
    </p>

    <p class='ocr_par' dir='ltr' id='par_1_4' title="bbox 163 2765 1264 3555">
     <span class='ocr_line' id='line_1_18' title="bbox 274 2765 1259 2860; baseline 0 -26"><span class='ocrx_word' id='word_1_134' title='bbox 274 2770 392 2860; x_wconf 80' lang='lat' dir='ltr'>Neque</span> <span class='ocrx_word' id='word_1_135' title='bbox 423 2765 607 2859; x_wconf 78' lang='lat' dir='ltr'>quidquem</span> <span class='ocrx_word' id='word_1_136' title='bbox 640 2767 704 2832; x_wconf 81' lang='lat' dir='ltr'>vile</span> <span class='ocrx_word' id='word_1_137' title='bbox 735 2791 829 2832; x_wconf 81' lang='lat' dir='ltr'>nunc</span> <span class='ocrx_word' id='word_1_138' title='bbox 857 2785 908 2832; x_wconf 88' lang='lat' dir='ltr'>est</span> <span class='ocrx_word' id='word_1_139' title='bbox 933 2773 1002 2833; x_wconf 72' lang='lat' dir='ltr'>unu</span> <span class='ocrx_word' id='word_1_140' title='bbox 1026 2793 1137 2834; x_wconf 81' lang='lat' dir='ltr'>meres</span> <span class='ocrx_word' id='word_1_141' title='bbox 1162 2770 1259 2836; x_wconf 84' lang='lat' dir='ltr'>mali:</span> 
     </span>
     <span class='ocr_line' id='line_1_19' title="bbox 172 2882 1264 2980; baseline 0.001 -31"><span class='ocrx_word' id='word_1_142' title='bbox 172 2885 307 2977; x_wconf 85' lang='lat' dir='ltr'>quando</span> <span class='ocrx_word' id='word_1_143' title='bbox 335 2908 403 2948; x_wconf 90' lang='lat' dir='ltr'>non</span> <span class='ocrx_word' id='word_1_144' title='bbox 419 2885 476 2963; x_wconf 20' lang='lat' dir='ltr'>&#39;sic</span> <span class='ocrx_word' id='word_1_145' title='bbox 501 2882 632 2948; x_wconf 86' lang='lat' dir='ltr'>locutus</span> <span class='ocrx_word' id='word_1_146' title='bbox 659 2902 708 2948; x_wconf 88' lang='lat' dir='ltr'>est</span> <span class='ocrx_word' id='word_1_147' title='bbox 732 2900 845 2974; x_wconf 85' lang='lat' dir='ltr'>poeta:</span> <span class='ocrx_word' id='word_1_148' title='bbox 871 2884 958 2948; x_wconf 66' lang='lat' dir='ltr'>nabit</span> <span class='ocrx_word' id='word_1_149' title='bbox 980 2901 1065 2950; x_wconf 87' lang='lat' dir='ltr'>tum</span> <span class='ocrx_word' id='word_1_150' title='bbox 1087 2886 1150 2950; x_wconf 81' lang='lat' dir='ltr'>vile</span> <span class='ocrx_word' id='word_1_151' title='bbox 1162 2909 1264 2980; x_wconf 82' lang='lat' dir='ltr'>quam</span> 
     </span>
     <span class='ocr_line' id='line_1_20' title="bbox 170 2997 1260 3090; baseline 0.005 -24"><span class='ocrx_word' id='word_1_152' title='bbox 170 3001 254 3066; x_wconf 80' lang='lat' dir='ltr'>meli</span> <span class='ocrx_word' id='word_1_153' title='bbox 278 3024 400 3074; x_wconf 72' lang='lat' dir='ltr'>naeres,</span> <span class='ocrx_word' id='word_1_154' title='bbox 426 2997 485 3064; x_wconf 90' lang='lat' dir='ltr'>sed</span> <span class='ocrx_word' id='word_1_155' title='bbox 511 2998 598 3064; x_wconf 80' lang='lat' dir='ltr'>nilail</span> <span class='ocrx_word' id='word_1_156' title='bbox 619 3015 761 3090; x_wconf 81' lang='lat' dir='ltr'>praeter</span> <span class='ocrx_word' id='word_1_157' title='bbox 783 3022 842 3063; x_wconf 85' lang='lat' dir='ltr'>ees</span> <span class='ocrx_word' id='word_1_158' title='bbox 869 2999 941 3064; x_wconf 85' lang='lat' dir='ltr'>vile.</span> <span class='ocrx_word' id='word_1_159' title='bbox 967 3000 1036 3068; x_wconf 89' lang='lat' dir='ltr'>Sed</span> <span class='ocrx_word' id='word_1_160' title='bbox 1061 3020 1169 3067; x_wconf 86' lang='lat' dir='ltr'>tamen</span> <span class='ocrx_word' id='word_1_161' title='bbox 1193 3027 1260 3071; x_wconf 87' lang='lat' dir='ltr'>nec</span> 
     </span>
     <span class='ocr_line' id='line_1_21' title="bbox 172 3114 1261 3209; baseline 0.003 -26"><span class='ocrx_word' id='word_1_162' title='bbox 172 3120 305 3209; x_wconf 85' lang='lat' dir='ltr'>scripsit</span> <span class='ocrx_word' id='word_1_163' title='bbox 330 3134 430 3208; x_wconf 83' lang='lat' dir='ltr'>poeta</span> <span class='ocrx_word' id='word_1_164' title='bbox 456 3116 499 3180; x_wconf 90' lang='lat' dir='ltr'>in</span> <span class='ocrx_word' id='word_1_165' title='bbox 510 3133 578 3180; x_wconf 84' lang='lat' dir='ltr'>ter</span> <span class='ocrx_word' id='word_1_166' title='bbox 603 3117 776 3182; x_wconf 35' lang='lat' dir='ltr'>Punicum*</span> <span class='ocrx_word' id='word_1_167' title='bbox 790 3114 918 3181; x_wconf 89' lang='lat' dir='ltr'>bellum</span> <span class='ocrx_word' id='word_1_168' title='bbox 931 3119 961 3182; x_wconf 84' lang='grc' dir='ltr'>Τ</span> <span class='ocrx_word' id='word_1_169' title='bbox 965 3119 1175 3200; x_wconf 86' lang='lat' dir='ltr'>rinummum‚</span> <span class='ocrx_word' id='word_1_170' title='bbox 1198 3144 1261 3186; x_wconf 87' lang='lat' dir='ltr'>nec</span> 
     </span>
     <span class='ocr_line' id='line_1_22' title="bbox 163 3229 1259 3323; baseline 0 -23"><span class='ocrx_word' id='word_1_171' title='bbox 163 3259 288 3300; x_wconf 67' lang='lat' dir='ltr'>,veruna</span> <span class='ocrx_word' id='word_1_172' title='bbox 317 3251 367 3298; x_wconf 86' lang='lat' dir='ltr'>est</span> <span class='ocrx_word' id='word_1_173' title='bbox 392 3257 456 3323; x_wconf 86' lang='lat' dir='ltr'>per</span> <span class='ocrx_word' id='word_1_174' title='bbox 483 3229 568 3297; x_wconf 84' lang='lat' dir='ltr'>illud</span> <span class='ocrx_word' id='word_1_175' title='bbox 594 3229 797 3323; x_wconf 81' lang='lat' dir='ltr'>perdurasse</span> <span class='ocrx_word' id='word_1_176' title='bbox 827 3235 1006 3300; x_wconf 85' lang='lat' dir='ltr'>caritatem.</span> <span class='ocrx_word' id='word_1_177' title='bbox 1058 3235 1163 3300; x_wconf 90' lang='lat' dir='ltr'>Immo</span> <span class='ocrx_word' id='word_1_178' title='bbox 1188 3251 1259 3300; x_wconf 86' lang='lat' dir='ltr'>tum</span> 
     </span>
     <span class='ocr_line' id='line_1_23' title="bbox 170 3347 1262 3434; baseline 0.002 -20"><span class='ocrx_word' id='word_1_179' title='bbox 170 3375 198 3414; x_wconf 92' lang='lat' dir='ltr'>a.</span> <span class='ocrx_word' id='word_1_180' title='bbox 227 3351 293 3416; x_wconf 83' lang='lat'>551</span> <span class='ocrx_word' id='word_1_181' title='bbox 312 3365 445 3418; x_wconf 60' lang='lat' dir='ltr'>,tantam</span> <span class='ocrx_word' id='word_1_182' title='bbox 471 3347 571 3416; x_wconf 84' lang='lat' dir='ltr'>luisse</span> <span class='ocrx_word' id='word_1_183' title='bbox 599 3349 708 3414; x_wconf 85' lang='lat' dir='ltr'>Livius</span> <span class='ocrx_word' id='word_1_184' title='bbox 727 3349 835 3429; x_wconf 87' lang='lat' dir='ltr'>XXX,</span> <span class='ocrx_word' id='word_1_185' title='bbox 853 3350 901 3420; x_wconf 88' lang='lat'>38</span> <span class='ocrx_word' id='word_1_186' title='bbox 927 3349 1077 3434; x_wconf 86' lang='lat' dir='ltr'>annonae</span> <span class='ocrx_word' id='word_1_187' title='bbox 1105 3349 1262 3422; x_wconf 87' lang='lat' dir='ltr'>vilitatem</span> 
     </span>
     <span class='ocr_line' id='line_1_24' title="bbox 174 3463 1260 3555; baseline 0 -21"><span class='ocrx_word' id='word_1_188' title='bbox 174 3483 320 3544; x_wconf 88' lang='lat' dir='ltr'>testatur,</span> <span class='ocrx_word' id='word_1_189' title='bbox 343 3480 379 3528; x_wconf 91' lang='lat' dir='ltr'>ut</span> <span class='ocrx_word' id='word_1_190' title='bbox 403 3488 466 3555; x_wconf 90' lang='lat' dir='ltr'>pro</span> <span class='ocrx_word' id='word_1_191' title='bbox 492 3480 626 3533; x_wconf 82' lang='lat' dir='ltr'>vectura</span> <span class='ocrx_word' id='word_1_192' title='bbox 654 3463 856 3530; x_wconf 80' lang='lat' dir='ltr'>frumentum</span> <span class='ocrx_word' id='word_1_193' title='bbox 879 3483 1046 3531; x_wconf 88' lang='lat' dir='ltr'>mercator</span> <span class='ocrx_word' id='word_1_194' title='bbox 1071 3468 1176 3532; x_wconf 88' lang='lat' dir='ltr'>nautis</span> <span class='ocrx_word' id='word_1_195' title='bbox 1203 3493 1260 3534; x_wconf 86' lang='lat' dir='ltr'>re·</span> 
     </span>
    </p>
   </div>
   <div class='ocr_carea' id='block_1_3' title="bbox 173 3562 1260 3674">
    <p class='ocr_par' dir='ltr' id='par_1_5' title="bbox 173 3562 1260 3674">
     <span class='ocr_line' id='line_1_25' title="bbox 173 3562 1260 3674; baseline 0.001 -27"><span class='ocrx_word' id='word_1_196' title='bbox 173 3581 360 3673; x_wconf 76' lang='lat' dir='ltr'>linqueret,</span> <span class='ocrx_word' id='word_1_197' title='bbox 398 3598 467 3645; x_wconf 90' lang='lat' dir='ltr'>tum</span> <span class='ocrx_word' id='word_1_198' title='bbox 492 3581 623 3645; x_wconf 82' lang='lat' dir='ltr'>tertium</span> <span class='ocrx_word' id='word_1_199' title='bbox 644 3603 782 3673; x_wconf 88' lang='lat' dir='ltr'>quoque</span> <span class='ocrx_word' id='word_1_200' title='bbox 807 3600 884 3672; x_wconf 87' lang='lat' dir='ltr'>post</span> <span class='ocrx_word' id='word_1_201' title='bbox 909 3606 1030 3646; x_wconf 89' lang='lat' dir='ltr'>annum</span> <span class='ocrx_word' id='word_1_202' title='bbox 1056 3562 1176 3674; x_wconf 86' lang='lat' dir='ltr'>pervili</span> <span class='ocrx_word' id='word_1_203' title='bbox 1201 3608 1260 3648; x_wconf 89' lang='lat' dir='ltr'>an-</span> 
     </span>
    </p>
   </div>
   <div class='ocr_carea' id='block_1_4' title="bbox 171 3682 1350 4824">
    <p class='ocr_par' dir='ltr' id='par_1_6' title="bbox 171 3682 1350 4824">
     <span class='ocr_line' id='line_1_26' title="bbox 172 3682 1350 3787; baseline -0.001 -25"><span class='ocrx_word' id='word_1_204' title='bbox 172 3724 257 3764; x_wconf 88' lang='lat' dir='ltr'>nona</span> <span class='ocrx_word' id='word_1_205' title='bbox 293 3682 547 3787; x_wconf 80' lang='lat' dir='ltr'>insignem-lib.</span> <span class='ocrx_word' id='word_1_206' title='bbox 570 3694 702 3774; x_wconf 87' lang='lat' dir='ltr'>XXXI,</span> <span class='ocrx_word' id='word_1_207' title='bbox 729 3697 775 3764; x_wconf 48' lang='lat'>5⁴0</span> <span class='ocrx_word' id='word_1_208' title='bbox 807 3693 898 3761; x_wconf 87' lang='lat' dir='ltr'>dixit.</span> <span class='ocrx_word' id='word_1_209' title='bbox 947 3697 1086 3762; x_wconf 88' lang='lat' dir='ltr'>Gravius</span> <span class='ocrx_word' id='word_1_210' title='bbox 1121 3714 1260 3763; x_wconf 86' lang='lat' dir='ltr'>estnec</span> <span class='ocrx_word' id='word_1_211' title='bbox 1348 3756 1350 3761; x_wconf 89' lang='lat'>.</span> 
     </span>
     <span class='ocr_line' id='line_1_27' title="bbox 173 3812 1259 3904; baseline -0.001 -26"><span class='ocrx_word' id='word_1_212' title='bbox 173 3812 238 3878; x_wconf 83' lang='lat' dir='ltr'>fide</span> <span class='ocrx_word' id='word_1_213' title='bbox 265 3834 392 3893; x_wconf 84' lang='lat' dir='ltr'>carens,</span> <span class='ocrx_word' id='word_1_214' title='bbox 419 3837 609 3904; x_wconf 86' lang='lat' dir='ltr'>quanquam</span> <span class='ocrx_word' id='word_1_215' title='bbox 637 3835 698 3878; x_wconf 90' lang='lat' dir='ltr'>nec</span> <span class='ocrx_word' id='word_1_216' title='bbox 724 3814 904 3904; x_wconf 86' lang='lat' dir='ltr'>quicquam</span> <span class='ocrx_word' id='word_1_217' title='bbox 925 3813 1109 3904; x_wconf 79' lang='lat' dir='ltr'>infringens</span> <span class='ocrx_word' id='word_1_218' title='bbox 1126 3830 1259 3880; x_wconf 87' lang='lat' dir='ltr'>nostro-</span> 
     </span>
     <span class='ocr_line' id='line_1_28' title="bbox 172 3925 1260 4020; baseline 0 -26"><span class='ocrx_word' id='word_1_219' title='bbox 172 3954 244 3994; x_wconf 88' lang='lat' dir='ltr'>rum</span> <span class='ocrx_word' id='word_1_220' title='bbox 273 3947 547 4020; x_wconf 82' lang='lat' dir='ltr'>argumentorum</span> <span class='ocrx_word' id='word_1_221' title='bbox 573 3952 638 3995; x_wconf 89' lang='lat' dir='ltr'>nee</span> <span class='ocrx_word' id='word_1_222' title='bbox 664 3925 707 3992; x_wconf 84' lang='lat' dir='ltr'>ad</span> <span class='ocrx_word' id='word_1_223' title='bbox 729 3927 850 3992; x_wconf 85' lang='lat' dir='ltr'>borum</span> <span class='ocrx_word' id='word_1_224' title='bbox 881 3929 1031 4018; x_wconf 88' lang='lat' dir='ltr'>ipsorum</span> <span class='ocrx_word' id='word_1_225' title='bbox 1060 3927 1260 3995; x_wconf 87' lang='lat' dir='ltr'>evidentiam</span> 
     </span>
     <span class='ocr_line' id='line_1_29' title="bbox 171 4040 1258 4135; baseline 0.001 -24"><span class='ocrx_word' id='word_1_226' title='bbox 171 4045 348 4120; x_wconf 84' lang='lat' dir='ltr'>accedens,</span> <span class='ocrx_word' id='word_1_227' title='bbox 382 4041 475 4134; x_wconf 87' lang='lat' dir='ltr'>quod</span> <span class='ocrx_word' id='word_1_228' title='bbox 500 4040 675 4108; x_wconf 69' lang='lat' dir='ltr'>de‘auro</span> <span class='ocrx_word' id='word_1_229' title='bbox 700 4043 974 4133; x_wconf 82' lang='lat' dir='ltr'>numinisque</span> <span class='ocrx_word' id='word_1_230' title='bbox 999 4040 1258 4135; x_wconf 89' lang='lat' dir='ltr'>Philippeis</span> 
     </span>
     <span class='ocr_line' id='line_1_30' title="bbox 172 4154 1258 4253; baseline -0.003 -23"><span class='ocrx_word' id='word_1_231' title='bbox 172 4162 382 4252; x_wconf 75' lang='lat' dir='ltr'>Visseringns</span> <span class='ocrx_word' id='word_1_232' title='bbox 407 4160 431 4237; x_wconf 88' lang='lat' dir='ltr'>l,</span> <span class='ocrx_word' id='word_1_233' title='bbox 460 4185 491 4250; x_wconf 86' lang='lat' dir='ltr'>p.</span> <span class='ocrx_word' id='word_1_234' title='bbox 517 4160 564 4227; x_wconf 86' lang='grc'>87</span> <span class='ocrx_word' id='word_1_235' title='bbox 593 4184 643 4250; x_wconf 79' lang='lat' dir='ltr'>sq.</span> <span class='ocrx_word' id='word_1_236' title='bbox 671 4154 882 4223; x_wconf 82' lang='lat' dir='ltr'>laudabiliter</span> <span class='ocrx_word' id='word_1_237' title='bbox 908 4159 1102 4225; x_wconf 82' lang='lat' dir='ltr'>observavit</span> <span class='ocrx_word' id='word_1_238' title='bbox 1136 4160 1258 4253; x_wconf 86' lang='lat' dir='ltr'>Neque</span> 
     </span>
     <span class='ocr_line' id='line_1_31' title="bbox 171 4272 1257 4369; baseline -0.001 -26"><span class='ocrx_word' id='word_1_239' title='bbox 171 4282 260 4344; x_wconf 86' lang='lat' dir='ltr'>enim</span> <span class='ocrx_word' id='word_1_240' title='bbox 298 4275 381 4341; x_wconf 85' lang='lat' dir='ltr'>illud</span> <span class='ocrx_word' id='word_1_241' title='bbox 412 4298 516 4369; x_wconf 73' lang='lat' dir='ltr'>genus</span> <span class='ocrx_word' id='word_1_242' title='bbox 542 4275 703 4365; x_wconf 90' lang='lat' dir='ltr'>pecuniae</span> <span class='ocrx_word' id='word_1_243' title='bbox 730 4290 805 4338; x_wconf 88' lang='lat' dir='ltr'>ante</span> <span class='ocrx_word' id='word_1_244' title='bbox 832 4272 914 4338; x_wconf 90' lang='lat' dir='ltr'>belli</span> <span class='ocrx_word' id='word_1_245' title='bbox 939 4273 1149 4341; x_wconf 86' lang='lat' dir='ltr'>Macedonici</span> <span class='ocrx_word' id='word_1_246' title='bbox 1174 4293 1257 4342; x_wconf 81' lang='lat' dir='ltr'>teui-</span> 
     </span>
     <span class='ocr_line' id='line_1_32' title="bbox 172 4391 1256 4486; baseline -0.003 -26"><span class='ocrx_word' id='word_1_247' title='bbox 172 4420 257 4486; x_wconf 88' lang='lat' dir='ltr'>pora</span> <span class='ocrx_word' id='word_1_248' title='bbox 282 4397 403 4460; x_wconf 85' lang='lat' dir='ltr'>Romae</span> <span class='ocrx_word' id='word_1_249' title='bbox 427 4392 662 4471; x_wconf 87' lang='lat' dir='ltr'>increbruisse,</span> <span class='ocrx_word' id='word_1_250' title='bbox 688 4415 753 4456; x_wconf 90' lang='lat' dir='ltr'>nec</span> <span class='ocrx_word' id='word_1_251' title='bbox 779 4393 848 4456; x_wconf 87' lang='lat' dir='ltr'>eins</span> <span class='ocrx_word' id='word_1_252' title='bbox 875 4392 1078 4457; x_wconf 89' lang='lat' dir='ltr'>mentionem</span> <span class='ocrx_word' id='word_1_253' title='bbox 1091 4391 1182 4486; x_wconf 86' lang='lat' dir='ltr'>apud</span> <span class='ocrx_word' id='word_1_254' title='bbox 1199 4394 1256 4459; x_wconf 90' lang='lat' dir='ltr'>Li-</span> 
     </span>
     <span class='ocr_line' id='line_1_33' title="bbox 171 4503 1259 4600; baseline -0.002 -26"><span class='ocrx_word' id='word_1_255' title='bbox 171 4512 258 4575; x_wconf 79' lang='lat' dir='ltr'>vium</span> <span class='ocrx_word' id='word_1_256' title='bbox 287 4528 362 4574; x_wconf 88' lang='lat' dir='ltr'>ante</span> <span class='ocrx_word' id='word_1_257' title='bbox 389 4509 566 4574; x_wconf 87' lang='lat' dir='ltr'>Flaminini</span> <span class='ocrx_word' id='word_1_258' title='bbox 596 4503 637 4570; x_wconf 89' lang='lat' dir='ltr'>de</span> <span class='ocrx_word' id='word_1_259' title='bbox 664 4505 822 4598; x_wconf 84' lang='lat' dir='ltr'>Philippo</span> <span class='ocrx_word' id='word_1_260' title='bbox 847 4530 927 4597; x_wconf 87' lang='lat' dir='ltr'>rege</span> <span class='ocrx_word' id='word_1_261' title='bbox 955 4507 1158 4600; x_wconf 89' lang='lat' dir='ltr'>triumphum</span> <span class='ocrx_word' id='word_1_262' title='bbox 1172 4508 1259 4596; x_wconf 84' lang='lat' dir='ltr'>lieri,</span> 
     </span>
     <span class='ocr_line' id='line_1_34' title="bbox 173 4601 1257 4721; baseline 0.002 -30"><span class='ocrx_word' id='word_1_263' title='bbox 173 4631 231 4721; x_wconf 88' lang='lat' dir='ltr'>qui</span> <span class='ocrx_word' id='word_1_264' title='bbox 258 4630 318 4693; x_wconf 89' lang='lat' dir='ltr'>suit</span> <span class='ocrx_word' id='word_1_265' title='bbox 343 4654 369 4692; x_wconf 88' lang='lat' dir='ltr'>a.</span> <span class='ocrx_word' id='word_1_266' title='bbox 397 4628 481 4697; x_wconf 80' lang='grc'><strong>558.</strong></span> <span class='ocrx_word' id='word_1_267' title='bbox 532 4627 558 4689; x_wconf 83' lang='grc' dir='ltr'>Ε</span> <span class='ocrx_word' id='word_1_268' title='bbox 585 4601 651 4716; x_wconf 85' lang='lat' dir='ltr'>quo</span> <span class='ocrx_word' id='word_1_269' title='bbox 677 4650 884 4717; x_wconf 90' lang='lat' dir='ltr'>consequens</span> <span class='ocrx_word' id='word_1_270' title='bbox 912 4625 976 4692; x_wconf 88' lang='lat' dir='ltr'>hoc</span> <span class='ocrx_word' id='word_1_271' title='bbox 1004 4627 1058 4707; x_wconf 89' lang='lat' dir='ltr'>sit,</span> <span class='ocrx_word' id='word_1_272' title='bbox 1085 4643 1121 4692; x_wconf 89' lang='lat' dir='ltr'>ut</span> <span class='ocrx_word' id='word_1_273' title='bbox 1141 4623 1257 4693; x_wconf 86' lang='lat' dir='ltr'>ultimo</span> 
     </span>
     <span class='ocr_line' id='line_1_35' title="bbox 177 4738 1261 4824; baseline -0.002 -16"><span class='ocrx_word' id='word_1_274' title='bbox 177 4744 256 4809; x_wconf 88' lang='lat' dir='ltr'>artis</span> <span class='ocrx_word' id='word_1_275' title='bbox 280 4742 448 4813; x_wconf 81' lang='lat' dir='ltr'>Plautinae</span> <span class='ocrx_word' id='word_1_276' title='bbox 476 4738 644 4807; x_wconf 89' lang='lat' dir='ltr'>decennio</span> <span class='ocrx_word' id='word_1_277' title='bbox 671 4764 734 4804; x_wconf 82' lang='lat' dir='ltr'>una</span> <span class='ocrx_word' id='word_1_278' title='bbox 763 4762 838 4808; x_wconf 88' lang='lat' dir='ltr'>cum</span> <span class='ocrx_word' id='word_1_279' title='bbox 854 4740 1014 4822; x_wconf 79' lang='lat' dir='ltr'>Asinaria,</span> <span class='ocrx_word' id='word_1_280' title='bbox 1031 4738 1261 4824; x_wconf 82' lang='lat' dir='ltr'>Bacchidibus,</span> 
     </span>
    </p>
   </div>
   <div class='ocr_carea' id='block_1_5' title="bbox 1022 4857 1068 4926">
    <p class='ocr_par' dir='ltr' id='par_1_7' title="bbox 1022 4857 1068 4926">
     <span class='ocr_line' id='line_1_36' title="bbox 1022 4857 1068 4926; baseline 0 0"><span class='ocrx_word' id='word_1_281' title='bbox 1022 4857 1068 4926; x_wconf 77' lang='lat'>23</span> 
     </span>
    </p>
   </div>
   <div class='ocr_carea' id='block_1_6' title="bbox 0 0 1415 5332">
    <p class='ocr_par' dir='ltr' id='par_1_8' title="bbox 0 0 1415 5332">
     <span class='ocr_line' id='line_1_37' title="bbox 0 0 1415 5332; baseline 0 0"><span class='ocrx_word' id='word_1_282' title='bbox 0 0 1415 5332; x_wconf 95' lang='lat' dir='ltr'> </span> 
     </span>
    </p>
   </div>
  </div>
 </body>
</html>
