2820 5332
1117 406 1121 413 '
1400 410 1404 417 a

474 491 479 505 Ι

434 510 439 525 i

418 563 421 570 ι

232 701 279 771 40
479 733 500 773 ι.
530 731 571 774 na
599 727 713 775 estvm
743 730 871 776 nosrta
896 726 1089 781 summm:

235 895 434 986 tatum''est‚
473 922 580 970 tamen
614 905 752 972 minime
780 903 896 973 dubito
924 907 1004 999 quin
1032 905 1147 974 saitem
1173 909 1208 972 iu
1232 927 1324 974 retu-²

235 1019 392 1086 stioribus
425 1045 492 1087 uno
528 1019 650 1111 pusillo
686 1037 813 1110 puncto
838 1019 968 1088 sublato
994 1018 1132 1091 Maecio
1158 1023 1326 1087 inventuri

237 1134 318 1213 sint,
355 1136 382 1200 si
408 1135 465 1227 qui
497 1133 538 1199 ad
566 1134 624 1200 has
650 1136 802 1202 minutias
828 1133 940 1202 volent
965 1137 1108 1201 animum
1137 1131 1325 1207 advertere.

237 1245 306 1314 Sed
342 1268 379 1315 ut
416 1273 500 1315 non
531 1268 728 1316 succurrant
754 1248 908 1316 codices}
934 1268 1023 1317 esto:
1049 1248 1101 1316 vei
1126 1251 1173 1317 sic
1199 1267 1325 1315 tantum

178 1344 185 1352 .
236 1364 329 1429 abest
360 1382 397 1429 ut
428 1381 573 1430 nostram
609 1367 805 1433 seutentiam
833 1364 932 1431 Plinii
959 1366 1134 1432 auctoritas
1160 1342 1334 1457 infringat:

237 1494 273 1542 ut
311 1503 430 1570 niagno
474 1480 505 1546 ei
540 1478 710 1571 praesidio
738 1481 992 1572 certissimoque
1020 1481 1236 1554 munimento,
1256 1480 1325 1545 exi-

236 1611 307 1659 stat
360 1595 599 1661 Necessitatem
640 1594 728 1660 enim
758 1594 793 1659 in
825 1592 915 1659 iilam
950 1594 1096 1686 speciem
1138 1591 1328 1686 corrigendi

194 1799 198 1804 .
238 1706 398 1799 Bergkius
428 1733 445 1775 e
469 1706 640 1801 praeclara
665 1708 898 1773 observatione
922 1705 1064 1800 quadam
1090 1734 1146 1774 sua
1175 1710 1238 1775 hae
1264 1706 1327 1772 du-

239 1821 295 1900 xit,
324 1819 416 1914 quod
441 1846 610 1914 nunquam
637 1820 763 1886 Plinius
793 1823 828 1885 in
850 1821 901 1885 his
929 1820 1064 1911 quidem
1091 1823 1258 1889 indicibus
1285 1821 1329 1885 si-

143 1971 152 1986 =
240 1934 309 2000 mul
333 1959 469 2015 nomeu,
497 1959 701 2026 praenomen
730 1952 763 2001 et
790 1957 976 2026 cognomen
999 1937 1159 2028 cuiusque
1187 1937 1331 2026 scripto-

241 2051 286 2116 ris
312 2051 465 2129 iunxerit,
489 2075 608 2116 rerum
636 2067 691 2117 ant
716 2075 815 2117 unum
843 2069 969 2116 tantum
994 2053 1148 2143 posuerit
1168 2069 1223 2116 aut
1241 2067 1331 2116 certe

239 2163 405 2229 binarium
437 2166 609 2231 nominum
647 2144 820 2231 numerum
862 2190 931 2232 nou
975 2167 1165 2233 excesserit.
1217 2162 1333 2247 Qualis

241 2278 424 2343 constantia
462 2302 561 2368 quam
595 2278 661 2342 vim
695 2278 816 2342 habeat
846 2278 881 2341 iu
907 2295 973 2345 tam
998 2279 1133 2366 immani
1159 2278 1332 2342 nominum
1386 2363 1390 2368 ⁷

242 2368 466 2470 multitudine,
493 2389 588 2484 facile
615 2393 845 2483 unnsquisque
871 2393 1040 2458 sentit·A
1064 2392 1243 2460 certissima
1259 2389 1335 2480 lege

243 2503 309 2571 duo
348 2522 474 2571 tantum
507 2505 659 2596 exempla
693 2505 877 2576 recedunt:
916 2504 974 2572 lib.
1010 2507 1159 2582 XXXV,
1198 2532 1233 2596 p.
1259 2502 1334 2571 *116

242 2620 360 2717 Cassio
387 2618 514 2686 Severo
541 2619 763 2708 Longulam,
802 2645 886 2710 quae
914 2618 1050 2714 quidem
1077 2618 1238 2710 Bergiius
1262 2640 1335 2683 non

210 2734 350 2810 ¹nnius,
384 2732 443 2798 sed
476 2733 618 2798 duorum
649 2734 820 2799 hominum
858 2731 992 2797 nomina
1029 2757 1102 2797 esse
1125 2730 1208 2797 vidit
1229 2734 1332 2796 inter-

71 2831 76 2846 Ι
138 2909 144 2915 .
238 2843 424 2937 pungendo
450 2846 651 2930 dirimenda3
688 2834 826 2912 alterum
850 2844 908 2908 lib.
935 2845 994 2924 111,
1020 2871 1056 2934 p.
1083 2848 1130 2912 ‘22
1163 2847 1203 2914 L.
1227 2840 1333 2910 Ateio

241 2958 423 3051 Capitone,
449 2951 542 3051 quod
571 2959 783 3050 exemplum,
820 2983 896 3024 cum
914 2956 1109 3050 ,longiorem
1133 2957 1332 3047 disputatio·

236 3094 313 3137 nem
343 3074 502 3164 requirat,
520 3071 722 3163 propediem
748 3096 784 3137 se
810 3068 1042 3161 expediturum
1070 3071 1242 3162 professus
1269 3086 1330 3134 est.

339 3183 533 3251 Cavendum
554 3202 674 3261 autem,
700 3207 743 3249 ue
772 3183 806 3248 in
831 3181 1026 3248 alterutram
1049 3200 1180 3271 partem
1207 3181 1330 3246 Festi

238 3299 408 3363 notatione
446 3322 481 3387 p.
510 3294 580 3363 359
612 3297 658 3359 Μ.
691 3312 799 3360 utare:
852 3293 1037 3357 Tammodo
1064 3298 1199 3398 autiqui
1220 3316 1329 3384 pone-

181 3401 184 3405 ’
240 3409 324 3478 bant
345 3433 409 3506 pro
432 3409 553 3482 modo,
580 3425 616 3472 ut
637 3405 771 3473 Attius:
816 3405 1001 3471 Temmodo
1038 3412 1148 3496 inquit
1173 3403 1330 3473 Praene-

238 3531 357 3592 stinus.
410 3527 502 3605 Quae
529 3524 630 3587 verba
659 3548 731 3586 cunr
757 3521 821 3585 siut
846 3521 1033 3586 Trinummi
1061 3520 1125 3598 III,
1155 3529 1190 3599 t,
1217 3521 1332 3599 9,‚sa-

240 3638 305 3705 e'ile
340 3639 506 3729 quispiam
542 3654 597 3701 aut
629 3631 672 3718 de
700 3630 857 3704 Maccius
883 3634 990 3699 forma
1017 3633 1215 3724 reponenda
1241 3636 1332 3724 cogi-

239 3769 295 3829 tet,
322 3768 377 3817 aut
398 3751 524 3817 Attium
551 3747 617 3812 dici
644 3748 690 3810 Μ.
710 3747 835 3815 Attium
863 3745 1014 3812 Plautum
1042 3747 1105 3810 sibi
1121 3745 1332 3836 persuadeat.

240 3865 283 3931 At
317 3888 361 3928 ne
397 3886 463 3927 uno
492 3858 630 3954 quidem
657 3854 812 3948 exemplo
838 3859 879 3921 ab
905 3857 974 3924 uilo
992 3860 1214 3948 -grammatico
1242 3857 1333 3921 hunc

239 3993 374 4066 poetam
397 3971 461 4041 alio
481 3990 582 4064 atque
599 3967 746 4042 Plautus
771 3972 907 4038 nomine
936 3987 1230 4037 commemoratum
1258 3994 1334 4033 esse
1396 4013 1401 4019 -

241 4112 341 4181 supra
369 4086 539 4178 apparuit:
568 4103 602 4153 ut
628 4108 766 4174 prorsus
793 4083 935 4163 fallatur,
963 4084 1020 4175 qui
1046 4083 1249 4148 contrarium
1273 4083 1336 4146 ob-

218 4223 336 4269 scura
359 4199 607 4278 recordatione,
634 4197 677 4263 ad
703 4198 813 4288 ipsum
839 4198 905 4263 hoe
927 4197 1016 4262 Festi
1047 4195 1271 4261 testimonium
1300 4213 1336 4261 ut

128 4380 136 4388 ,
241 4316 384 4381 arbitror
407 4331 591 4405 spectante,
619 4329 757 4379 testatur
781 4310 935 4378 Osannus
950 4311 1040 4377 Diar.
1062 4311 1165 4402 antiq.
1192 4307 1280 4373 stud.
1307 4334 1336 4372 a.

244 4427 337 4498 1836
364 4455 399 4521 p.
415 4426 497 4496 990.
537 4426 643 4493 Attius
669 4424 726 4490 iiie
751 4422 940 4489 credendus
964 4421 1209 4513 tragoediarum
1226 4438 1336 4512 poeta,

241 4541 314 4609 solo
351 4564 467 4610 errore
491 4564 554 4632 pro
581 4538 698 4605 Plauto
731 4539 875 4629 positus,
920 4536 1207 4628 quemadmodum
1237 4538 1337 4605 etiam

239 4656 354 4735 Ennii,
386 4655 526 4734 Naevii,
559 4653 707 4732 Pacuvii,
742 4649 881 4719 aliorum
910 4669 1082 4747 poetarum
1109 4651 1244 4719 uomina
1267 4673 1337 4717 nou
