2820 5332
406 665 655 710 nosrutttrutn
683 663 875 712 entvutute.
1115 643 1184 717 461

111 861 286 936 postquam
318 844 466 934 perrexit
489 843 580 910 Simo
618 843 760 909 obscure
802 841 898 910 dictis
932 868 1006 909 eum
1038 843 1189 929 eludere,

111 959 334 1052 impatientius
361 975 470 1051 urget:

212 1068 409 1160 Dic[edum,
438 1069 531 1166 quod
564 1073 663 1139 inodo
693 1071 835 1141 exorsus
863 1072 924 1163 es,]
962 1070 1124 1168 quidnam
1154 1075 1192 1142 id

606 1191 683 1256 est?

112 1331 187 1370 nam
211 1307 256 1371 ita
282 1330 371 1370 nunc
394 1304 478 1370 haec
503 1329 638 1397 quoque
664 1307 698 1371 in
716 1305 895 1372 Tranionis
915 1329 1049 1372 sensum
1073 1326 1193 1370 conve·

112 1423 255 1488 nicatius
279 1420 515 1488 constituerim.
558 1453 604 1468 -
657 1423 748 1504 Quae
770 1423 797 1486 si
823 1438 916 1487 reete
943 1417 1191 1512 disputavimus,

112 1541 212 1630 magis
242 1539 340 1604 etiam
367 1536 593 1629 perspicitur,
620 1562 717 1628 quam
744 1538 798 1604 hic
824 1534 935 1603 nullus
960 1534 1053 1601 locus
1075 1535 1192 1600 Theu-

113 1653 242 1746 ropidis
267 1651 525 1745 interpellationi
548 1652 597 1718 sic
649 1655 827 1718 Praeterea
847 1654 874 1716 ei
888 1650 1086 1744 probabitur
1111 1653 1195 1725 eia,

111 1787 254 1861 apparet
279 1767 448 1861 quomodo
485 1785 628 1860 propter
653 1767 761 1834 simile
786 1769 914 1833 initium
950 1766 1016 1834 hue
1046 1767 1191 1832 intrusus

119 1882 302 1968 versiculus
327 1884 458 1975 gemina
484 1885 585 1949 verba
611 1884 843 1950 exturbaret-it

102 2037 110 2056 ·
215 1998 374 2090 Superest
395 2017 504 2064 autem
527 2015 571 2078 ut,
595 1996 687 2074 rurde
714 1996 846 2064 tandem
873 1997 939 2064 huc
965 1995 1022 2063 ille
1049 1998 1194 2064 intrusus

120 2139 192 2180 esse
218 2112 376 2193 videatur,
402 2113 615 2207 explicemus.
666 2115 716 2180 Ao
741 2112 843 2180 multo
870 2110 1194 2206 uerte‘probabilius

114 2231 141 2294 is
165 2229 257 2296 locus
289 2231 324 2295 in
356 2228 493 2309 eudem,
529 2254 627 2322 quam
661 2255 736 2296 oum
768 2230 960 2296 Camerario
993 2231 1028 2295 iu
1063 2227 1193 2295 diverse

113 2370 212 2413 scena
239 2363 423 2438 quaeratur.
476 2344 562 2430 Quid
589 2344 711 2412 multa?
736 2347 842 2437 posita
868 2342 925 2410 illu
953 2345 1058 2411 verba
1080 2343 1195 2438 viginti

113 2478 190 2551 post
213 2461 361 2526 versibus
387 2460 535 2540 suerunt,
560 2461 625 2527 hou
656 2459 793 2553 quidem
816 2484 926 2526 nexu:

162 2571 210 2644 48
235 2569 328 2649 Se‘d,
362 2574 478 2650 Simu,
522 2578 572 2640 ita
601 2568 719 2640 ventus
753 2598 845 2640 rinno
886 2571 1009 2640 radvem
1034 2567 1194 2640 deseruit.

603 2713 650 2758 st.
675 2688 855 2783 quidest?

240 2799 315 2894 Quo'
340 2803 462 2870 modo?
506 2828 562 2872 ru.
585 2799 749 2897 po'rsumo.
800 2829 849 2874 ει.
873 2799 1005 2895 quadrae
1031 2798 1196 2870 subddcta

515 2982 518 2987 ,
607 2935 682 2984 erat

156 3053 162 3064 ·
239 3026 326 3099 Tu'to
353 3033 567 3100 interram?
616 3055 673 3101 un.
694 3029 759 3099 tei.
806 3056 850 3099 s1.
880 3031 1060 3124 quidest?

243 3171 304 3214 Tu.
332 3133 419 3225 Eia,
452 3143 630 3241 mastigia,
661 3149 709 3215 ad
736 3145 788 3215 me'
813 3148 897 3216 redi.
957 3173 1012 3217 nn.
1047 3154 1114 3215 ium
1137 3144 1198 3245 isti

610 3289 678 3331 ero.

239 3372 348 3468 [Heri]
382 3405 434 3446 me
468 3384 642 3447 miserum:
666 3375 796 3457 decidi,
832 3374 983 3469 [decidi]
1031 3403 1076 3452 st.
1110 3375 1168 3472 qui
1180 3380 1195 3448 i

608 3520 665 3565 un.
692 3500 772 3587 quia
892 3584 895 3589 ν

168 3613 214 3680 52
241 3614 279 3681 V
274 3606 344 3677 e'nit
359 3615 470 3687 navis,
494 3611 634 3677 orcistrae
651 3636 738 3705 quae
756 3609 840 3679 ndei
850 3611 1011 3704 franga't
1033 3611 1194 3696 ratem.*)

119 3727 285 3818 Coeperat
310 3728 435 3793 Tranio
461 3728 525 3793 iam
554 3753 581 3793 v.
608 3727 655 3798 4⁸2
680 3728 830 3797 indicare
857 3728 983 3795 Simoni
1003 3728 1198 3819 Theuropi-

119 3838 170 3906 dis
196 3841 362 3927 reditum3
400 3844 510 3935 pergit
540 3840 575 3907 id
611 3842 719 3910 sacere
752 3840 885 3935 placide
916 3861 949 3909 et
979 3842 1198 3933 pedetentim,

120 3957 259 4046 imagine
286 3974 379 4022 utens
407 3959 512 4036 navis,
550 3954 733 4050 eademque
765 3958 928 4050 imagine,
965 3956 1044 4050 quid
1073 3957 1119 4021 rei
1145 3957 1196 4034 sit,

119 4070 245 4137 Simoni
274 4072 434 4162 significat
451 4100 478 4138 v.
495 4075 553 4142 59.
606 4071 692 4155 Quid
721 4093 769 4139 est
795 4074 903 4165 igitur,
929 4071 1021 4165 quod
1047 4073 1087 4137 ab
1110 4068 1197 4140 illius

119 4186 202 4250 initii
227 4185 269 4250 ad
296 4187 390 4253 huius
416 4189 489 4254 finis
516 4189 686 4255 lenitatem
714 4190 869 4254 transitur
894 4214 956 4280 per
982 4187 1199 4269 concitatissi-

118 4326 169 4364 ma
196 4317 350 4393 tanquam
377 4301 583 4396 desperantis
598 4302 648 4370 vel
674 4323 815 4395 repente
830 4305 1058 4398 perterrefacti
1078 4305 1195 4374 verba:

116 4415 172 4481 hei
194 4451 240 4464 —
265 4452 310 4462 -
337 4441 389 4481 me
414 4424 581 4501 miserum,
608 4419 719 4486 occidi
742 4420 811 4486 -i
873 4419 1041 4490 Videlicet
1073 4446 1197 4516 appro-

168 4677 192 4743 ·)
212 4670 276 4723 Vide
292 4670 460 4738 Epicurum.
