2820 5332
366 1737 905 1830 Pltamrsslo.

188 2158 284 2223 iunxi
309 2157 362 2224 his
382 2157 616 2243 voluminibus,
642 2183 739 2252 quae,
766 2159 829 2223 uti
855 2155 933 2224 olim
950 2157 1173 2249 iungerentur,

83 2283 150 2353 per
190 2257 354 2323 variarum
388 2258 598 2324 occasionum
634 2258 918 2351 opportunitatem
952 2280 1102 2322 seorsum
1140 2272 1175 2322 et

84 2360 212 2450 scripta
234 2374 266 2422 et
289 2380 408 2445 magna
442 2374 600 2446 exparte
636 2354 725 2422 edita
757 2374 842 2422 sunt
894 2359 986 2440 Quae
1021 2380 1075 2421 res
1111 2355 1173 2422 etsi

88 2453 255 2550 quaedam
279 2454 598 2525 saneincommoda
622 2455 755 2521 habuit:
790 2480 932 2547 quorum
962 2453 1046 2521 illud
1082 2455 1172 2545 parvi

85 2553 223 2648 pendo,
266 2550 359 2646 quod
398 2552 516 2619 latinae
550 2553 726 2620 vernacula
767 2552 879 2647 lingua
919 2556 1018 2619 mixta
1049 2552 1172 2618 librum

85 2653 273 2746 bilinguem
291 2651 375 2717 feci:
402 2669 515 2719 tamen
531 2654 629 2719 etiam
648 2651 815 2720 commodi
841 2655 905 2720 hoc
921 2654 1065 2745 peperit,
1082 2649 1173 2744 quod

87 2749 339 2847 propemodum
364 2749 455 2817 nulla
477 2752 595 2817 harum
622 2755 935 2819 commentationum
961 2776 1049 2815 nunc
1075 2753 1175 2815 itera-

86 2871 152 2933 tur,
176 2852 257 2946 quin
272 2849 429 2919 secundis
457 2852 542 2917 curis
559 2867 760 2943 pertractata
785 2868 818 2916 et
839 2875 938 2941 saepe
952 2847 1088 2938 singulis
1115 2873 1176 2940 pa-

90 2954 176 3048 ginis
210 2949 266 3016 vel
298 2966 392 3015 aucta
424 2949 476 3016 vel
501 2966 651 3016 correcta
677 2947 828 3039 prodeat.
879 2950 951 3032 Quo
986 2948 1021 3012 iu
1054 2972 1175 3040 genere

92 3050 292 3144 plerumque
319 3050 396 3115 satis
429 3049 530 3114 habui
554 3049 695 3114 rectiora
724 3050 980 3139 reprobatorum
1003 3049 1036 3110 in
1063 3045 1175 3112 locum

92 3150 186 3217 tacito
215 3147 436 3227 substituisse,
462 3173 528 3214 nec
554 3147 628 3215 sere
655 3145 699 3212 de
726 3148 829 3226 novis,
863 3173 948 3241 quae
974 3149 1042 3212 sive
1071 3170 1176 3211 anuo·

89 3247 189 3315 tando
223 3247 290 3313 sive
321 3245 503 3313 inserendo
538 3271 658 3313 recens
691 3266 921 3326 accesserunt,
958 3274 976 3312 a
1006 3245 1174 3310 veteribus
1280 3291 1283 3298 -

90 3345 272 3439 diligenter
301 3342 533 3413 discernendis
560 3344 722 3412 sollicitus
755 3345 818 3408 sui:
854 3347 917 3410 nisi
950 3343 1042 3436 quod
1077 3344 1174 3408 certis

89 3445 125 3511 id
149 3445 333 3512 rationibus
365 3443 542 3536 aliquoties
572 3442 628 3510 vel
653 3442 868 3509 suadentibus
900 3442 951 3508 vel
983 3443 1176 3508 iubentibus

10 3558 16 3571 ’
88 3562 276 3636 temporum
302 3540 511 3610 diversitates
537 3545 660 3610 leviter
686 3542 877 3633 significavi.

187 3645 299 3737 Atque
319 3643 566 3733 praeterhaec,
594 3641 777 3735 dequibus
804 3641 854 3708 his
869 3639 1037 3707 versiculis
1053 3641 1176 3719 monui,

88 3743 243 3835 profecto
279 3739 363 3806 nihil
401 3741 493 3834 quod
519 3741 692 3835 praefarer
718 3741 894 3820 haberem,
924 3742 986 3806 nisi
1014 3739 1176 3833 quaedam

88 3842 151 3908 suis
177 3840 262 3909 locis
287 3843 523 3931 praetermissa
553 3865 625 3907 esse
647 3838 905 3920 intellexissem,
938 3841 1006 3909 sive
1038 3839 1072 3907 id
1100 3864 1175 3907 meo

89 3941 163 4008 sitio
200 3941 323 4015 tactum
359 3959 422 4007 est:
463 3943 490 4006 si
516 3938 619 4008 modo
654 3940 769 4004 vitium
802 3956 852 4006 est
883 3935 1073 4033 γηράσκειν
1105 3934 1195 4004 αἰεὶ·

89 4034 211 4105 πολλὰ
237 4027 522 4126 διδαακόμενονε
549 4044 617 4106 sive
644 4037 784 4105 aliorum
807 4042 940 4117 virtute,
968 4043 1025 4130 qui
1052 4037 1093 4102 de
1120 4039 1177 4102 iis·

94 4137 170 4205 dem
206 4139 308 4204 rebus
341 4157 418 4229 post
443 4141 620 4230 impressas
655 4162 743 4203 meas
778 4136 941 4204 chartulas
966 4135 1091 4230 aliquid
1117 4162 1179 4227 pu·

36 4280 40 4295 .
93 4236 178 4305 blice
206 4235 447 4331 prodiderunt.
488 4238 591 4306 Velut
617 4264 701 4331 quae
730 4238 779 4303 his
806 4239 888 4328 ipsis
912 4236 1031 4302 diebus
1057 4233 1099 4299 ad
1125 4260 1178 4300 me

92 4335 185 4403 allata
218 4354 267 4404 est
300 4335 403 4403 altera
441 4338 542 4407 editio
575 4339 694 4404 Bruti
734 4336 953 4414 Ellendtiani,
992 4336 1024 4401 in
1061 4361 1098 4402 ea
1134 4334 1177 4401 de

29 4502 33 4511 ,
93 4436 405 4530 Lagomarsini
441 4438 667 4506 codicibus
702 4456 770 4502 tum
798 4435 936 4528 praelat.
973 4435 1177 4529 p.VlIsqq.

26 4516 37 4609 l
96 4551 161 4602 lum
186 4562 220 4630 p.
238 4535 307 4607 184
321 4562 370 4628 sq.
396 4561 432 4601 ea
459 4538 511 4604 vel
539 4555 669 4604 narrata
695 4535 747 4604 vel
773 4559 839 4603 non
872 4553 1001 4602 narrata
1026 4535 1178 4628 repperi,

103 4660 184 4726 quae
219 4639 254 4705 in
285 4635 360 4716 illa,
384 4662 468 4728 quae
506 4636 547 4704 de
573 4636 691 4705 iisdem
718 4635 889 4705 codicibus
925 4662 987 4730 ego
1020 4669 1048 4727 p.
1072 4651 1115 4708 56
1145 4652 1179 4701 et
