2820 5332
389 714 411 752 ι.
442 713 484 754 ιιι
511 711 630 755 ansam
660 712 788 757 rosnae
817 678 1004 758 nonrntn'vs.
1094 722 1099 728 ·
1225 686 1250 756 9

157 889 196 952 in
219 882 500 975 Heidelbergensi
535 883 654 950 codice
685 901 841 975 quattuor
875 881 1060 948 fabularum
1090 883 1253 974 scriptum

161 1024 238 1066 esse
262 999 356 1065 testis
382 999 479 1064 nobis
505 999 663 1064 Baehrius
690 1000 818 1065 extitita
858 998 1010 1090 Ezpiicit
1035 1001 1162 1089 captivi
1185 995 1255 1063 dno

161 1111 320 1184 comedia
346 1129 473 1210 quarta
496 1110 619 1182 Plauti
642 1110 800 1202 Asortet
818 1131 920 1204 poete
944 1112 1134 1183 clarissimi.

581 1381 833 1401 mv·-

487 1665 760 1732 CM’VT
802 1662 927 1738 w)
1005 1762 1011 1771 .

664 1877 695 1965 g.
726 1881 756 1944 t.

259 2020 352 2087 Anni
379 2041 464 2101 sunt,
490 2048 564 2089 cum
591 2027 626 2090 in
652 2024 740 2093 libro
764 2021 1013 2113 παλιμψήστῳ
1033 2024 1257 2089 Ambrosiano

163 2133 332 2203 Plautinas
369 2135 498 2204 fabulas
534 2163 602 2207 non
638 2143 686 2207 Μ.
717 2142 801 2208 Aeci
827 2140 950 2220 Pianti,
983 2138 1045 2205 sed
1070 2141 1111 2212 T.
1139 2139 1254 2203 Macci

166 2252 288 2316 Pnavrr
317 2251 494 2344 inscriptas
519 2256 669 2346 repperi.
722 2255 1033 2331 commemorabam
1068 2252 1134 2319 boc
1160 2253 1192 2315 in
1218 2275 1259 2316 ea

165 2368 462 2448 commentatione,
501 2394 600 2460 quam
632 2370 675 2436 de
703 2370 891 2438 didascaliis
914 2368 1072 2436 Plautinis
1098 2368 1258 2457 scriptam
1342 2396 1352 2410 ‘

161 2481 271 2546 Musei
310 2478 509 2572 philologici
546 2485 656 2574 primo
687 2484 844 2552 fasciculo
886 2484 1030 2561 inserui,
1064 2508 1097 2572 p.
1125 2479 1168 2549 61
1206 2505 1257 2571 sq.

164 2592 265 2679 (Dias.
289 2593 380 2679 IV.):
416 2600 717 2665 commemorabam
757 2618 913 2692 tanquam
939 2600 1059 2666 mirum
1085 2613 1120 2661 et
1144 2595 1259 2686 singu-

163 2707 253 2788 lare,
288 2729 326 2776 ut
357 2712 393 2776 in
426 2729 513 2781 tanta
537 2732 571 2779 et
594 2715 790 2806 antiquitate
817 2735 850 2780 et
870 2716 1018 2779 bonitate
1045 2709 1259 2777 Ambrosiani

165 2823 312 2904 codicis,
346 2825 429 2892 nibil
465 2845 575 2896 nmen
614 2828 698 2896 nitra
730 2831 925 2920 suspicatos.
977 2828 1042 2908 Qui
1070 2827 1159 2892 enim
1187 2824 1258 2913 eius

164 2956 296 3030 poetae,
321 2940 414 3005 euius
441 2943 604 3010 memoria
626 2945 667 3008 ab
694 2944 775 3034 ipsis
801 2940 972 3007 veteribus
995 2939 1207 3030 frequentata
1224 2935 1260 3004 in

166 3050 347 3120 clarissima
371 3052 448 3122 luce
474 3057 583 3147 posita
611 3074 718 3136 esset,
752 3082 788 3122 ea
815 3056 949 3123 nentina
974 3055 1009 3120 in
1035 3054 1262 3144 suspicionem

167 3165 391 3247 adducerem,
425 3197 511 3262 quae
545 3169 626 3238 iude
660 3199 678 3236 a
710 3173 832 3240 renatis
868 3171 988 3238 litteris
1014 3193 1079 3260 per
1105 3183 1261 3258 quattuor

166 3281 275 3351 saa-me
300 3283 433 3352 saecula
459 3285 729 3355 doctissimorum
764 3288 939 3354 hominum
974 3302 1006 3351 ct
1032 3281 1201 3350 mentibus
1228 3295 1263 3350 et

145 3472 148 3476 Α
167 3392 264 3464 libris
289 3381 374 3465 aden
396 3400 627 3479 inhaesissent,
651 3420 688 3467 ut
709 3426 752 3467 ne
779 3402 899 3469 umbra
925 3397 1063 3491 quidem
1079 3394 1264 3464 dubitatio·-

167 3513 219 3581 nis
244 3500 394 3604 unquam
421 3514 633 3582 oboriretur?
659 3516 774 3606 ltaque
802 3515 958 3606 cogitatio
984 3514 1092 3581 omnis
1118 3511 1188 3579 eius
1209 3508 1262 3579 rei

168 3628 339 3694 exanimo
367 3627 478 3720 elapsa
508 3646 595 3708 erat,
633 3653 710 3695 cum
746 3629 909 3696 consolita
944 3631 1099 3696 comitate
1129 3627 1171 3697 ad
1198 3651 1261 3695 nos

167 3744 357 3810 transmissa
383 3742 575 3810 Godofredi
602 3745 784 3811 Hermanni
813 3744 857 3812 cta
887 3747 926 3814 L.
949 3743 1042 3812 Attii
1064 3742 1262 3839 Didascali-

166 3879 232 3921 cen
260 3855 356 3925 libris
379 3856 612 3926 dissertatione
635 3857 724 3925 iilius
747 3857 972 3952 redintegrata
988 3859 1178 3927 recordatio
1200 3875 1259 3929 est.

167 3975 261 4055 Quos
285 3969 391 4040 libros
417 3973 628 4041 Hermaunus
654 3998 720 4041 non
749 3972 849 4041 fuisse
873 4001 975 4066 prosa
1001 3977 1168 4054 oratione,
1198 3970 1261 4041 aad

165 4089 317 4155 rea-sibus
344 4090 556 4179 conscriptus
580 4090 668 4156 visus
694 4109 744 4157 est
769 4111 834 4158 tam
856 4091 1029 4183 praeclare
1061 4087 1260 4165 ostendisse,

166 4219 201 4271 nt
225 4203 328 4271 nubis
356 4199 494 4293 quidem
519 4227 658 4294 prorsus
684 4204 917 4296 persuaderet.
958 4206 1037 4271 Eius
1064 4218 1173 4270 autam
1191 4204 1258 4269 sim

164 4320 315 4397 inventi,
353 4317 442 4386 baud
471 4317 573 4386 dubie
599 4322 774 4412 perexigui
797 4319 977 4387 maltorum
1003 4321 1164 4411 opinione
1201 4320 1261 4413 qui

164 4433 269 4525 bodie
296 4456 369 4501 sese
395 4458 516 4530 sapere
542 4434 694 4516 student,
727 4461 803 4504 cum
828 4434 925 4503 iatius
950 4451 1067 4531 patere
1097 4451 1130 4502 et
1154 4433 1264 4534 pluri-

160 4604 471 4624 -u—-n—n—-pq

198 4685 224 4749 ⁶)
245 4679 350 4734 [iditum
367 4696 393 4737 a.
415 4696 642 4738 croracccxxxxn.
