2820 5332
436 700 601 743 ratrrrnur
632 701 824 743 raivrtnae.
1100 677 1169 751 549

90 890 155 935 tarn
183 871 390 960 frequentius
419 893 516 960 quam
531 871 676 935 traiectis
698 895 852 934 versuum
878 873 1047 961 particulis
1075 875 1170 940 simul

92 984 254 1050 excidisse
281 982 417 1074 aliquid.
477 985 519 1048 Et
545 1002 580 1048 ut
606 984 775 1076 aliquid
799 985 950 1052 audaculi
977 989 1059 1054 baec
1087 992 1174 1055 ller-

92 1101 202 1165 manni
223 1101 305 1164 ratio
329 1100 463 1164 habeat:
503 1098 591 1183 (nam
617 1100 795 1166 multum
821 1101 946 1166 habere
981 1103 1070 1168 haud
1093 1131 1174 1171 eon-

94 1216 267 1293 cesserim,
294 1215 460 1306 quoniam‚
487 1217 513 1278 si
542 1242 557 1278 a
581 1216 652 1280 veri
679 1215 895 1282 similitudine
922 1241 991 1283 non
1017 1219 1176 1286 abhorret

94 1354 177 1419 cquae
204 1354 317 1394 caussa
344 1331 504 1419 cogitatur
529 1329 762 1420 corruptelae,
802 1331 883 1395 nilril
912 1331 1037 1411 refert,
1077 1362 1176 1426 quam

96 1444 158 1508 late
185 1463 294 1535 pateat
322 1443 414 1534 quod
443 1471 460 1509 e
494 1471 604 1510 caussa
642 1444 696 1510 illa
731 1471 941 1538 consequens
966 1447 1041 1532 'sit:)
1079 1469 1112 1515 at
1143 1455 1176 1515 in

97 1580 182 1625 tauta
216 1559 452 1651 depravatione
491 1559 654 1625 librorum
695 1560 920 1626 Plau'tinorum
963 1567 1036 1655 quis
1072 1569 1177 1631 nescit

94 1677 261 1767 frequenti
288 1701 347 1739 usu
374 1676 514 1753 evcuirc,
549 1693 582 1739 ut
610 1678 721 1766 quavis
748 1694 816 1739 arte
843 1680 1023 1744 sententiae
1041 1680 1179 1772 integri-

96 1793 150 1854 tati
179 1792 289 1881 potius
314 1815 599 1881 numerorumque
624 1792 838 1857 concinnitati
862 1792 1102 1859 consulendum
1125 1797 1177 1873 sit,

99 1934 196 1997 qnam
225 1903 293 1971 sola
323 1904 523 1970 emendandi
547 1906 709 1970 lenitas
738 1906 904 1972 curanda?
956 1908 1023 1973 Sed
1050 1909 1102 1974 vel
1130 1911 1177 1976 sic

101 2042 207 2086 tamen
245 2020 286 2085 de
318 2025 482 2085 sententia
513 2047 587 2085 mea
623 2019 740 2085 cedam
781 2046 981 2114 omnemque
1017 2026 1177 2090 rationem

98 2136 187 2201 illam
214 2138 347 2202 missam
370 2138 496 2214 faciam,
524 2135 721 2228 simulatque
742 2139 824 2201 viam
846 2141 1088 2219 monstraveris,
1115 2165 1179 2231 qua

101 2278 215 2317 eorum
243 2277 326 2343 quos
340 2269 515 2318 tractamus
539 2278 692 2317 versuum
713 2256 840 2343 primus
858 2254 1080 2344 probabiliter
1100 2239 1181 2321 cou-

99 2369 262 2433 liirnietur
287 2385 415 2432 servato
443 2367 578 2458 quidem
603 2367 660 2432 illo
680 2368 907 2434 additamento
936 2369 1027 2460 (quod
1051 2390 1099 2435 cst
1118 2395 1180 2435 no-

101 2483 176 2546 bilis
202 2482 293 2573 aptrd
318 2483 486 2548 ltomt'nes:
513 2482 605 2572 quod
632 2484 918 2573 persuasissimum
948 2484 1054 2549 liabeo
1082 2484 1181 2549 nullis

100 2598 260 2662 machinis
289 2597 437 2662 ellectum
461 2597 511 2660 iri.
561 2599 777 2661 Persanatum
803 2616 913 2662 autem
949 2623 991 2662 ne
1025 2599 1066 2662 ab
1095 2601 1180 2664 Her-

100 2737 222 2777 manno
250 2712 384 2803 quidem
414 2730 512 2802 puto,
540 2714 597 2804 qui
625 2737 740 2799 parum
764 2714 863 2803 gratis
886 2715 1098 2778 incrementis
1125 2740 1182 2779 au·

103 2846 190 2893 ctum
218 2830 264 2893 sic
291 2829 475 2893 constituit:

200 2938 321 3036 ‘Atque
353 2968 417 3032 ego
450 2943 540 3007 lianc
575 2958 668 3005 tunm
693 2937 840 3031 gldriam
876 2937 1014 3007 artribtis
1047 2942 1181 3034 quidem

699 3063 767 3122 iam
793 3053 989 3150 acceperam
1014 3075 1106 3123 arcte.

103 3176 187 3240 Mihi
215 3173 286 3238 talis
312 3173 409 3238 fuisse
437 3175 490 3239 hic
513 3199 629 3239 versus
658 3172 797 3252 videtur,
821 3192 857 3238 ut
874 3174 970 3240 simul
991 3199 1100 3239 caussa
1125 3199 1185 3266 ap-

102 3310 234 3381 pareat,
277 3304 335 3354 cur
363 3291 424 3354 huc
451 3291 657 3380 potissimum
680 3316 696 3354 a
724 3315 781 3355 sua
813 3289 893 3354 sede
921 3288 1051 3355 avulsus
1079 3291 1184 3355 exitus

104 3405 160 3470 ille
186 3404 308 3468 nobilis
333 3403 425 3496 apud
449 3404 602 3468 homines
629 3402 842 3469 illaberetur:

204 3516 324 3611 ‘Atque
351 3536 444 3583 tuam
469 3520 559 3584 barac
584 3519 703 3611 apttd
726 3515 927 3585 lzdntines
952 3519 1099 3609 gloriam
1125 3511 1187 3583 cui-

658 3635 750 3702 ribus
772 3640 840 3700 iam
863 3630 1061 3725 acceperam
1086 3649 1179 3696 ante.

105 3750 242 3814 auribus
269 3754 368 3821 enim.
392 3749 484 3841 quod
511 3754 645 3817 minime
674 3774 955 3842 supervacaneum
968 3798 978 3827 ,
1003 3746 1052 3811 illi
1079 3771 1186 3838 oppo-

105 3868 211 3940 nitur,
255 3865 347 3955 quod
374 3884 470 3931 antea
495 3865 626 3932 dixerat
651 3889 756 3957 opera
782 3889 816 3929 se
844 3880 1026 3952 expertum.
1064 3896 1107 3908 -
1149 3860 1188 3924 ln

106 3980 264 4070 proximis
295 3983 430 4046 Botbius
459 4007 525 4072 qno
555 3980 684 4071 longius
720 3980 760 4043 ab
788 3977 1034 4042 Hermanniano
1068 3974 1189 4040 finien-

107 4093 225 4158 dorum
253 4119 403 4159 versuum
431 4095 587 4186 exemplo
613 4094 760 4168 recessit,
783 4115 821 4157 eo
846 4091 975 4181 turpius
994 4090 1106 4180 lapsus
1124 4068 1189 4154 est:
1270 4130 1279 4150 a

108 4205 199 4298 quod
227 4206 338 4271 taedet
363 4212 523 4300 persequi
548 4211 694 4273 uberius.
730 4202 826 4272 VM}
852 4202 1019 4268 sa'tellites
1044 4207 1096 4268 tui
1119 4229 1191 4269 me·

107 4323 171 4385 rito
207 4320 382 4386 defensum
416 4340 483 4402 est,
524 4325 603 4388 item
646 4323 766 4386 morito
807 4337 973 4386 serratum
1011 4322 1190 4392 miserum,

111 4455 287 4526 utrumque
320 4453 434 4500 contra
471 4438 721 4514 llcrmannum,
763 4436 821 4527 qui
857 4427 906 4498 tui
938 4427 1104 4498 satellite's
1137 4457 1189 4496 me

98 4548 212 4635 foede
245 4568 499 4640 transposuerat.
550 4551 735 4641 Vtramque
769 4572 900 4626 vocem,
938 4574 990 4613 me
1020 4552 1188 4627 miserum,

109 4663 243 4732 codices
270 4669 405 4733 sociant
435 4699 478 4715 -
509 4667 549 4733 V.
579 4667 623 4732 15
650 4667 730 4730 item
752 4667 869 4730 onznia
896 4664 1120 4731 Hermannus:
1146 4658 1187 4726 li-
