<?xml version="1.0" encoding="UTF-8"?>
<!DOCTYPE html PUBLIC "-//W3C//DTD XHTML 1.0 Transitional//EN"
    "http://www.w3.org/TR/xhtml1/DTD/xhtml1-transitional.dtd">
<html xmlns="http://www.w3.org/1999/xhtml" xml:lang="en" lang="en">
 <head>
  <title>
</title>
<meta http-equiv="Content-Type" content="text/html;charset=utf-8" />
  <meta name='ocr-system' content='tesseract 3.04.00' />
  <meta name='ocr-capabilities' content='ocr_page ocr_carea ocr_par ocr_line ocrx_word'/>
</head>
<body>
  <div class='ocr_page' id='page_1' title='image "./parergonplautin01ritsgoog_0029.png"; bbox 0 0 2820 5332; ppageno 0'>
   <div class='ocr_carea' id='block_1_1' title="bbox 157 780 790 828">
    <p class='ocr_par' dir='ltr' id='par_1_1' title="bbox 157 780 790 828">
     <span class='ocr_line' id='line_1_1' title="bbox 157 780 790 828; baseline -0.014 5"><span class='ocrx_word' id='word_1_1' title='bbox 157 784 229 825; x_wconf 67' lang='grc' dir='ltr'><strong>ΠΝ</strong></span> <span class='ocrx_word' id='word_1_2' title='bbox 586 780 790 828; x_wconf 60' lang='lat' dir='ltr'><strong>saturnio.</strong></span> 
     </span>
    </p>
   </div>
   <div class='ocr_carea' id='block_1_2' title="bbox 151 955 1286 4020">
    <p class='ocr_par' dir='ltr' id='par_1_2' title="bbox 151 955 1286 4020">
     <span class='ocr_line' id='line_1_2' title="bbox 153 955 1232 1049; baseline -0.001 -28"><span class='ocrx_word' id='word_1_3' title='bbox 153 959 195 1021; x_wconf 87' lang='lat' dir='ltr'><strong>Et</strong></span> <span class='ocrx_word' id='word_1_4' title='bbox 220 955 391 1048; x_wconf 86' lang='lat' dir='ltr'><strong>praeclare</strong></span> <span class='ocrx_word' id='word_1_5' title='bbox 408 958 442 1019; x_wconf 91' lang='lat' dir='ltr'><strong>iu</strong></span> <span class='ocrx_word' id='word_1_6' title='bbox 460 959 585 1025; x_wconf 84' lang='lat' dir='ltr'><strong>votivos</strong></span> <span class='ocrx_word' id='word_1_7' title='bbox 609 959 771 1037; x_wconf 84' lang='lat' dir='ltr'><strong>convenit,</strong></span> <span class='ocrx_word' id='word_1_8' title='bbox 797 955 887 1049; x_wconf 89' lang='lat' dir='ltr'><strong>qaod</strong></span> <span class='ocrx_word' id='word_1_9' title='bbox 899 956 1012 1023; x_wconf 80' lang='lat' dir='ltr'><strong>loris</strong></span> <span class='ocrx_word' id='word_1_10' title='bbox 1025 956 1232 1047; x_wconf 90' lang='lat' dir='ltr'><strong>potissimum</strong></span> 
     </span>
     <span class='ocr_line' id='line_1_3' title="bbox 153 1054 1234 1147; baseline -0.001 -27"><span class='ocrx_word' id='word_1_11' title='bbox 153 1055 309 1147; x_wconf 80' lang='lat' dir='ltr'><strong>placandi</strong></span> <span class='ocrx_word' id='word_1_12' title='bbox 334 1080 444 1120; x_wconf 78' lang='lat' dir='ltr'><strong>sarissa</strong></span> <span class='ocrx_word' id='word_1_13' title='bbox 470 1055 637 1124; x_wconf 87' lang='lat' dir='ltr'><strong>instaurati</strong></span> <span class='ocrx_word' id='word_1_14' title='bbox 661 1083 733 1123; x_wconf 87' lang='lat' dir='ltr'><strong>esse</strong></span> <span class='ocrx_word' id='word_1_15' title='bbox 757 1055 806 1121; x_wconf 92' lang='lat' dir='ltr'><strong>illi</strong></span> <span class='ocrx_word' id='word_1_16' title='bbox 831 1054 900 1120; x_wconf 92' lang='lat' dir='ltr'><strong>ludi</strong></span> <span class='ocrx_word' id='word_1_17' title='bbox 926 1073 1109 1137; x_wconf 82' lang='lat' dir='ltr'><strong>narrantur.</strong></span> <span class='ocrx_word' id='word_1_18' title='bbox 1149 1056 1234 1120; x_wconf 77' lang='lat' dir='ltr'><strong>Nam</strong></span> 
     </span>
     <span class='ocr_line' id='line_1_4' title="bbox 153 1153 1232 1245; baseline -0.003 -25"><span class='ocrx_word' id='word_1_19' title='bbox 153 1181 227 1220; x_wconf 91' lang='lat' dir='ltr'><strong>cum</strong></span> <span class='ocrx_word' id='word_1_20' title='bbox 262 1179 341 1220; x_wconf 80' lang='lat' dir='ltr'><strong>saue</strong></span> <span class='ocrx_word' id='word_1_21' title='bbox 374 1156 509 1220; x_wconf 87' lang='lat' dir='ltr'><strong>Romani</strong></span> <span class='ocrx_word' id='word_1_22' title='bbox 545 1156 616 1222; x_wconf 92' lang='lat' dir='ltr'><strong>ludi</strong></span> <span class='ocrx_word' id='word_1_23' title='bbox 650 1159 773 1224; x_wconf 85' lang='lat' dir='ltr'><strong>etiam</strong></span> <span class='ocrx_word' id='word_1_24' title='bbox 805 1153 847 1220; x_wconf 87' lang='lat' dir='ltr'><strong>ud</strong></span> <span class='ocrx_word' id='word_1_25' title='bbox 881 1155 992 1220; x_wconf 81' lang='lat' dir='ltr'><strong>lovem</strong></span> <span class='ocrx_word' id='word_1_26' title='bbox 1028 1154 1232 1245; x_wconf 88' lang='lat' dir='ltr'><strong>pertineant,</strong></span> 
     </span>
     <span class='ocr_line' id='line_1_5' title="bbox 153 1250 1233 1346; baseline -0.002 -28"><span class='ocrx_word' id='word_1_27' title='bbox 153 1272 261 1318; x_wconf 84' lang='lat' dir='ltr'><strong>tauron</strong></span> <span class='ocrx_word' id='word_1_28' title='bbox 288 1252 329 1317; x_wconf 86' lang='lat' dir='ltr'><strong>sd</strong></span> <span class='ocrx_word' id='word_1_29' title='bbox 355 1278 429 1318; x_wconf 90' lang='lat' dir='ltr'><strong>cum</strong></span> <span class='ocrx_word' id='word_1_30' title='bbox 455 1253 585 1321; x_wconf 90' lang='lat' dir='ltr'><strong>solum</strong></span> <span class='ocrx_word' id='word_1_31' title='bbox 610 1257 708 1322; x_wconf 85' lang='lat' dir='ltr'><strong>votivi</strong></span> <span class='ocrx_word' id='word_1_32' title='bbox 735 1272 897 1346; x_wconf 83' lang='lat' dir='ltr'><strong>spectant:</strong></span> <span class='ocrx_word' id='word_1_33' title='bbox 924 1271 960 1320; x_wconf 92' lang='lat' dir='ltr'><strong>ut</strong></span> <span class='ocrx_word' id='word_1_34' title='bbox 987 1277 1054 1318; x_wconf 91' lang='lat' dir='ltr'><strong>non</strong></span> <span class='ocrx_word' id='word_1_35' title='bbox 1080 1250 1233 1316; x_wconf 77' lang='lat' dir='ltr'><strong>videatur</strong></span> 
     </span>
     <span class='ocr_line' id='line_1_6' title="bbox 154 1347 1232 1447; baseline -0.004 -31"><span class='ocrx_word' id='word_1_36' title='bbox 154 1352 278 1417; x_wconf 88' lang='lat' dir='ltr'><strong>nullius</strong></span> <span class='ocrx_word' id='word_1_37' title='bbox 299 1354 455 1417; x_wconf 75' lang='lat' dir='ltr'><strong>momenti</strong></span> <span class='ocrx_word' id='word_1_38' title='bbox 483 1378 565 1433; x_wconf 88' lang='lat' dir='ltr'><strong>csse,</strong></span> <span class='ocrx_word' id='word_1_39' title='bbox 593 1351 695 1447; x_wconf 87' lang='lat' dir='ltr'><strong>quod,</strong></span> <span class='ocrx_word' id='word_1_40' title='bbox 722 1379 820 1446; x_wconf 81' lang='lat' dir='ltr'><strong>quem</strong></span> <span class='ocrx_word' id='word_1_41' title='bbox 844 1355 949 1419; x_wconf 87' lang='lat' dir='ltr'><strong>ceteri</strong></span> <span class='ocrx_word' id='word_1_42' title='bbox 967 1353 1075 1419; x_wconf 75' lang='lat' dir='ltr'><strong>Iovem</strong></span> <span class='ocrx_word' id='word_1_43' title='bbox 1102 1347 1232 1441; x_wconf 83' lang='lat' dir='ltr'><strong>simpli-</strong></span> 
     </span>
     <span class='ocr_line' id='line_1_7' title="bbox 154 1445 1231 1543; baseline -0.003 -27"><span class='ocrx_word' id='word_1_44' title='bbox 154 1452 249 1528; x_wconf 87' lang='lat' dir='ltr'><strong>citer,</strong></span> <span class='ocrx_word' id='word_1_45' title='bbox 274 1445 342 1516; x_wconf 78' lang='grc' dir='ltr'><strong>τὸν</strong></span> <span class='ocrx_word' id='word_1_46' title='bbox 364 1449 614 1520; x_wconf 74' lang='grc' dir='ltr'><strong><em>Καπιτωλῖνον</em></strong></span> <span class='ocrx_word' id='word_1_47' title='bbox 635 1445 710 1518; x_wconf 76' lang='lat' dir='ltr'><strong>uia</strong></span> <span class='ocrx_word' id='word_1_48' title='bbox 725 1453 900 1543; x_wconf 84' lang='lat' dir='ltr'><strong>Dionysius</strong></span> <span class='ocrx_word' id='word_1_49' title='bbox 914 1476 942 1517; x_wconf 92' lang='lat' dir='ltr'><strong>c.</strong></span> <span class='ocrx_word' id='word_1_50' title='bbox 957 1455 1004 1523; x_wconf 84' lang='lat'><strong>68</strong></span> <span class='ocrx_word' id='word_1_51' title='bbox 1019 1450 1108 1529; x_wconf 83' lang='lat' dir='ltr'><strong>dicit,</strong></span> <span class='ocrx_word' id='word_1_52' title='bbox 1130 1466 1231 1541; x_wconf 86' lang='lat' dir='ltr'><strong>atque</strong></span> 
     </span>
     <span class='ocr_line' id='line_1_8' title="bbox 154 1549 1234 1645; baseline -0.002 -31"><span class='ocrx_word' id='word_1_53' title='bbox 154 1549 240 1614; x_wconf 88' lang='lat' dir='ltr'><strong>adeo</strong></span> <span class='ocrx_word' id='word_1_54' title='bbox 272 1549 359 1615; x_wconf 82' lang='lat' dir='ltr'><strong>ludis</strong></span> <span class='ocrx_word' id='word_1_55' title='bbox 390 1551 594 1618; x_wconf 80' lang='lat' dir='ltr'><em>circensibus</em></span> <span class='ocrx_word' id='word_1_56' title='bbox 617 1559 677 1645; x_wconf 81' lang='lat' dir='ltr'><strong>qui</strong></span> <span class='ocrx_word' id='word_1_57' title='bbox 699 1552 778 1619; x_wconf 81' lang='lat' dir='ltr'><strong>lovi</strong></span> <span class='ocrx_word' id='word_1_58' title='bbox 801 1554 949 1615; x_wconf 75' lang='lat' dir='ltr'><strong>marimo</strong></span> <span class='ocrx_word' id='word_1_59' title='bbox 962 1549 1098 1640; x_wconf 81' lang='lat' dir='ltr'><strong>sterent</strong></span> <span class='ocrx_word' id='word_1_60' title='bbox 1123 1550 1234 1613; x_wconf 83' lang='lat' dir='ltr'><strong>Arno·</strong></span> 
     </span>
     <span class='ocr_line' id='line_1_9' title="bbox 151 1644 1233 1741; baseline 0.001 -28"><span class='ocrx_word' id='word_1_61' title='bbox 151 1650 227 1713; x_wconf 89' lang='lat' dir='ltr'><strong>bias</strong></span> <span class='ocrx_word' id='word_1_62' title='bbox 254 1672 322 1712; x_wconf 90' lang='lat' dir='ltr'><strong>rem</strong></span> <span class='ocrx_word' id='word_1_63' title='bbox 345 1648 505 1721; x_wconf 87' lang='lat' dir='ltr'><strong>accidisse</strong></span> <span class='ocrx_word' id='word_1_64' title='bbox 530 1652 647 1720; x_wconf 85' lang='lat' dir='ltr'><strong>scribit</strong></span> <span class='ocrx_word' id='word_1_65' title='bbox 670 1649 742 1717; x_wconf 83' lang='lat' dir='ltr'><strong>adv.</strong></span> <span class='ocrx_word' id='word_1_66' title='bbox 767 1667 853 1741; x_wconf 82' lang='lat' dir='ltr'><strong>gont.</strong></span> <span class='ocrx_word' id='word_1_67' title='bbox 879 1649 952 1726; x_wconf 85' lang='lat' dir='ltr'><strong>Vll,</strong></span> <span class='ocrx_word' id='word_1_68' title='bbox 986 1647 1033 1718; x_wconf 87' lang='lat'><strong>36</strong></span> <span class='ocrx_word' id='word_1_69' title='bbox 1056 1649 1115 1711; x_wconf 84' lang='lat' dir='ltr'><strong>Or.</strong></span> <span class='ocrx_word' id='word_1_70' title='bbox 1144 1644 1233 1730; x_wconf 83' lang='grc'>(39.)</span> 
     </span>
     <span class='ocr_line' id='line_1_10' title="bbox 154 1746 1234 1841; baseline -0.002 -30"><span class='ocrx_word' id='word_1_71' title='bbox 154 1750 304 1828; x_wconf 87' lang='lat' dir='ltr'><strong>Quocum</strong></span> <span class='ocrx_word' id='word_1_72' title='bbox 345 1749 554 1816; x_wconf 81' lang='lat' dir='ltr'><strong>coraiunctnm</strong></span> <span class='ocrx_word' id='word_1_73' title='bbox 592 1769 650 1830; x_wconf 89' lang='lat' dir='ltr'><strong>est,</strong></span> <span class='ocrx_word' id='word_1_74' title='bbox 688 1747 779 1841; x_wconf 85' lang='lat' dir='ltr'><strong>quod</strong></span> <span class='ocrx_word' id='word_1_75' title='bbox 821 1746 865 1813; x_wconf 89' lang='lat' dir='ltr'><strong>de</strong></span> <span class='ocrx_word' id='word_1_76' title='bbox 908 1747 995 1812; x_wconf 83' lang='lat' dir='ltr'><strong>ludis</strong></span> <span class='ocrx_word' id='word_1_77' title='bbox 1029 1746 1234 1838; x_wconf 79' lang='lat' dir='ltr'><em>Capitolinis</em></span> 
     </span>
     <span class='ocr_line' id='line_1_11' title="bbox 153 1845 1232 1936; baseline -0.002 -27"><span class='ocrx_word' id='word_1_78' title='bbox 153 1845 254 1910; x_wconf 87' lang='lat' dir='ltr'><strong>semel</strong></span> <span class='ocrx_word' id='word_1_79' title='bbox 290 1872 306 1910; x_wconf 86' lang='lat' dir='ltr'><strong>a</strong></span> <span class='ocrx_word' id='word_1_80' title='bbox 338 1847 433 1914; x_wconf 86' lang='lat' dir='ltr'><strong>Livio</strong></span> <span class='ocrx_word' id='word_1_81' title='bbox 465 1853 655 1917; x_wconf 86' lang='lat' dir='ltr'><strong>memoratis</strong></span> <span class='ocrx_word' id='word_1_82' title='bbox 678 1849 813 1914; x_wconf 79' lang='lat' dir='ltr'><strong>conieci</strong></span> <span class='ocrx_word' id='word_1_83' title='bbox 844 1862 961 1936; x_wconf 69' lang='lat' dir='ltr'><strong>pm</strong></span> <span class='ocrx_word' id='word_1_84' title='bbox 1007 1847 1091 1911; x_wconf 91' lang='lat' dir='ltr'><strong>lluic</strong></span> <span class='ocrx_word' id='word_1_85' title='bbox 1121 1860 1232 1909; x_wconf 79' lang='lat' dir='ltr'><strong>aartcnr</strong></span> 
     </span>
     <span class='ocr_line' id='line_1_12' title="bbox 153 1944 1234 2039; baseline 0 -33"><span class='ocrx_word' id='word_1_86' title='bbox 153 1944 223 2009; x_wconf 84' lang='lat' dir='ltr'><strong>lovi</strong></span> <span class='ocrx_word' id='word_1_87' title='bbox 240 1945 429 2035; x_wconf 85' lang='lat' dir='ltr'><strong>Capitolino</strong></span> <span class='ocrx_word' id='word_1_88' title='bbox 453 1947 536 2039; x_wconf 87' lang='lat' dir='ltr'><strong>qaid</strong></span> <span class='ocrx_word' id='word_1_89' title='bbox 561 1949 692 2014; x_wconf 88' lang='lat' dir='ltr'><strong>tandem</strong></span> <span class='ocrx_word' id='word_1_90' title='bbox 719 1947 884 2012; x_wconf 85' lang='lat' dir='ltr'><strong>societatis</strong></span> <span class='ocrx_word' id='word_1_91' title='bbox 910 1945 1134 2012; x_wconf 81' lang='lat' dir='ltr'><strong>intercessisse</strong></span> <span class='ocrx_word' id='word_1_92' title='bbox 1159 1967 1234 2009; x_wconf 88' lang='lat' dir='ltr'><strong>cum</strong></span> 
     </span>
     <span class='ocr_line' id='line_1_13' title="bbox 155 2041 1235 2137; baseline -0.002 -31"><span class='ocrx_word' id='word_1_93' title='bbox 155 2043 243 2107; x_wconf 83' lang='lat' dir='ltr'><strong>ludis</strong></span> <span class='ocrx_word' id='word_1_94' title='bbox 275 2043 403 2134; x_wconf 82' lang='lat' dir='ltr'><strong>plebeis</strong></span> <span class='ocrx_word' id='word_1_95' title='bbox 430 2050 585 2137; x_wconf 84' lang='lat' dir='ltr'><strong>circoque</strong></span> <span class='ocrx_word' id='word_1_96' title='bbox 606 2049 777 2114; x_wconf 80' lang='lat' dir='ltr'><strong>Flaminio</strong></span> <span class='ocrx_word' id='word_1_97' title='bbox 810 2045 966 2122; x_wconf 89' lang='lat' dir='ltr'><strong>dicamus,</strong></span> <span class='ocrx_word' id='word_1_98' title='bbox 1004 2068 1087 2135; x_wconf 89' lang='lat' dir='ltr'><strong>quos</strong></span> <span class='ocrx_word' id='word_1_99' title='bbox 1116 2043 1178 2107; x_wconf 88' lang='lat' dir='ltr'><strong>bac</strong></span> <span class='ocrx_word' id='word_1_100' title='bbox 1199 2041 1235 2105; x_wconf 90' lang='lat' dir='ltr'><strong>in</strong></span> 
     </span>
     <span class='ocr_line' id='line_1_14' title="bbox 155 2142 1238 2234; baseline -0.005 -26"><span class='ocrx_word' id='word_1_101' title='bbox 155 2168 267 2208; x_wconf 80' lang='lat' dir='ltr'>caussa</span> <span class='ocrx_word' id='word_1_102' title='bbox 293 2142 384 2209; x_wconf 90' lang='lat' dir='ltr'><strong>solus</strong></span> <span class='ocrx_word' id='word_1_103' title='bbox 410 2143 564 2211; x_wconf 88' lang='lat' dir='ltr'><strong>Valerius</strong></span> <span class='ocrx_word' id='word_1_104' title='bbox 591 2148 708 2213; x_wconf 79' lang='lat' dir='ltr'><strong>affert?</strong></span> <span class='ocrx_word' id='word_1_105' title='bbox 737 2146 838 2210; x_wconf 89' lang='lat' dir='ltr'><strong>Cuius</strong></span> <span class='ocrx_word' id='word_1_106' title='bbox 864 2143 994 2234; x_wconf 90' lang='lat' dir='ltr'><strong>planius</strong></span> <span class='ocrx_word' id='word_1_107' title='bbox 1020 2144 1114 2208; x_wconf 87' lang='lat' dir='ltr'><strong>etiam</strong></span> <span class='ocrx_word' id='word_1_108' title='bbox 1143 2162 1238 2205; x_wconf 79' lang='lat' dir='ltr'><strong>error</strong></span> 
     </span>
     <span class='ocr_line' id='line_1_15' title="bbox 155 2239 1237 2334; baseline -0.002 -30"><span class='ocrx_word' id='word_1_109' title='bbox 155 2241 292 2332; x_wconf 82' lang='lat' dir='ltr'><strong>patebit,</strong></span> <span class='ocrx_word' id='word_1_110' title='bbox 322 2241 459 2308; x_wconf 88' lang='lat' dir='ltr'><strong>simulac</strong></span> <span class='ocrx_word' id='word_1_111' title='bbox 486 2270 631 2310; x_wconf 76' lang='lat' dir='ltr'><strong>caussam</strong></span> <span class='ocrx_word' id='word_1_112' title='bbox 655 2242 786 2310; x_wconf 85' lang='lat' dir='ltr'><strong>errandi</strong></span> <span class='ocrx_word' id='word_1_113' title='bbox 813 2243 1035 2334; x_wconf 72' lang='lat' dir='ltr'><strong>probabiliter</strong></span> <span class='ocrx_word' id='word_1_114' title='bbox 1059 2239 1237 2328; x_wconf 71' lang='lat' dir='ltr'><strong>indagave-</strong></span> 
     </span>
     <span class='ocr_line' id='line_1_16' title="bbox 155 2337 1237 2432; baseline -0.004 -29"><span class='ocrx_word' id='word_1_115' title='bbox 155 2342 269 2404; x_wconf 87' lang='lat' dir='ltr'><strong>rimus.</strong></span> <span class='ocrx_word' id='word_1_116' title='bbox 299 2341 556 2408; x_wconf 84' lang='lat' dir='ltr'><strong>Rccordandum</strong></span> <span class='ocrx_word' id='word_1_117' title='bbox 582 2362 631 2410; x_wconf 90' lang='lat' dir='ltr'><strong>est</strong></span> <span class='ocrx_word' id='word_1_118' title='bbox 656 2363 774 2420; x_wconf 74' lang='lat' dir='ltr'><strong>atatem,</strong></span> <span class='ocrx_word' id='word_1_119' title='bbox 800 2345 841 2425; x_wconf 99' lang='lat' dir='ltr'><strong>Q</strong></span> <span class='ocrx_word' id='word_1_120' title='bbox 866 2340 1015 2432; x_wconf 86' lang='lat' dir='ltr'><strong>Sulpicio</strong></span> <span class='ocrx_word' id='word_1_121' title='bbox 1041 2337 1100 2431; x_wconf 88' lang='lat' dir='ltr'><strong>Sp.</strong></span> <span class='ocrx_word' id='word_1_122' title='bbox 1123 2339 1237 2402; x_wconf 88' lang='lat' dir='ltr'><strong>Lartio</strong></span> 
     </span>
     <span class='ocr_line' id='line_1_17' title="bbox 158 2440 1238 2531; baseline -0.003 -28"><span class='ocrx_word' id='word_1_123' title='bbox 158 2440 233 2503; x_wconf 84' lang='lat' dir='ltr'><strong>Cos.</strong></span> <span class='ocrx_word' id='word_1_124' title='bbox 262 2440 455 2507; x_wconf 85' lang='lat' dir='ltr'><strong>instauratos</strong></span> <span class='ocrx_word' id='word_1_125' title='bbox 490 2442 565 2509; x_wconf 92' lang='lat' dir='ltr'><strong>illos</strong></span> <span class='ocrx_word' id='word_1_126' title='bbox 591 2442 688 2510; x_wconf 90' lang='lat' dir='ltr'><strong>ludos</strong></span> <span class='ocrx_word' id='word_1_127' title='bbox 713 2442 824 2506; x_wconf 82' lang='lat' dir='ltr'><strong>testari</strong></span> <span class='ocrx_word' id='word_1_128' title='bbox 847 2442 1041 2531; x_wconf 78' lang='lat' dir='ltr'><strong>Dionysium</strong></span> <span class='ocrx_word' id='word_1_129' title='bbox 1060 2440 1091 2502; x_wconf 73' lang='lat' dir='ltr'><strong>h,</strong></span> <span class='ocrx_word' id='word_1_130' title='bbox 1107 2465 1133 2502; x_wconf 89' lang='lat' dir='ltr'><strong>e.</strong></span> <span class='ocrx_word' id='word_1_131' title='bbox 1151 2461 1238 2500; x_wconf 78' lang='lat' dir='ltr'><strong>aranu</strong></span> 
     </span>
     <span class='ocr_line' id='line_1_18' title="bbox 157 2535 1239 2632; baseline -0.001 -31"><span class='ocrx_word' id='word_1_132' title='bbox 157 2537 197 2601; x_wconf 90' lang='lat' dir='ltr'><strong>V.</strong></span> <span class='ocrx_word' id='word_1_133' title='bbox 215 2535 353 2607; x_wconf 69' lang='lat'><strong>0263:</strong></span> <span class='ocrx_word' id='word_1_134' title='bbox 386 2566 402 2604; x_wconf 87' lang='lat' dir='ltr'><strong>s</strong></span> <span class='ocrx_word' id='word_1_135' title='bbox 438 2565 505 2632; x_wconf 85' lang='lat' dir='ltr'><strong>qno</strong></span> <span class='ocrx_word' id='word_1_136' title='bbox 532 2543 669 2608; x_wconf 77' lang='lat' dir='ltr'><strong>sortasse</strong></span> <span class='ocrx_word' id='word_1_137' title='bbox 697 2567 738 2606; x_wconf 92' lang='lat' dir='ltr'><strong>ne</strong></span> <span class='ocrx_word' id='word_1_138' title='bbox 758 2541 868 2605; x_wconf 84' lang='lat' dir='ltr'><strong>Livius</strong></span> <span class='ocrx_word' id='word_1_139' title='bbox 895 2538 1032 2631; x_wconf 82' lang='lat' dir='ltr'><strong>quidem</strong></span> <span class='ocrx_word' id='word_1_140' title='bbox 1060 2536 1239 2625; x_wconf 76' lang='lat' dir='ltr'><strong>discrepat,</strong></span> 
     </span>
     <span class='ocr_line' id='line_1_19' title="bbox 157 2632 1239 2729; baseline 0.004 -31"><span class='ocrx_word' id='word_1_141' title='bbox 157 2638 214 2726; x_wconf 83' lang='lat' dir='ltr'><strong>qui</strong></span> <span class='ocrx_word' id='word_1_142' title='bbox 243 2639 301 2701; x_wconf 80' lang='lat' dir='ltr'><strong>etsi</strong></span> <span class='ocrx_word' id='word_1_143' title='bbox 328 2662 399 2702; x_wconf 83' lang='lat' dir='ltr'><strong>reru</strong></span> <span class='ocrx_word' id='word_1_144' title='bbox 424 2656 534 2705; x_wconf 87' lang='lat' dir='ltr'><strong>narrat</strong></span> <span class='ocrx_word' id='word_1_145' title='bbox 557 2643 617 2706; x_wconf 90' lang='lat' dir='ltr'><strong>sub</strong></span> <span class='ocrx_word' id='word_1_146' title='bbox 646 2638 834 2706; x_wconf 89' lang='lat' dir='ltr'><strong>consulibus</strong></span> <span class='ocrx_word' id='word_1_147' title='bbox 852 2637 1032 2729; x_wconf 88' lang='lat' dir='ltr'><strong>superioris</strong></span> <span class='ocrx_word' id='word_1_148' title='bbox 1047 2636 1121 2700; x_wconf 83' lang='lat' dir='ltr'><strong>anui</strong></span> <span class='ocrx_word' id='word_1_149' title='bbox 1136 2632 1239 2719; x_wconf 65' lang='lat'>(969)</span> 
     </span>
     <span class='ocr_line' id='line_1_20' title="bbox 159 2735 1240 2831; baseline -0.006 -29"><span class='ocrx_word' id='word_1_150' title='bbox 159 2737 206 2802; x_wconf 88' lang='grc' dir='ltr'><strong>Μ.</strong></span> <span class='ocrx_word' id='word_1_151' title='bbox 222 2735 368 2802; x_wconf 84' lang='lat' dir='ltr'><strong>Minucio</strong></span> <span class='ocrx_word' id='word_1_152' title='bbox 394 2738 432 2802; x_wconf 83' lang='lat' dir='ltr'><strong>A.</strong></span> <span class='ocrx_word' id='word_1_153' title='bbox 447 2739 657 2831; x_wconf 88' lang='lat' dir='ltr'><strong>Sempronio,</strong></span> <span class='ocrx_word' id='word_1_154' title='bbox 685 2758 792 2804; x_wconf 83' lang='lat' dir='ltr'><strong>tamen</strong></span> <span class='ocrx_word' id='word_1_155' title='bbox 808 2736 938 2801; x_wconf 80' lang='lat' dir='ltr'><strong>nullam</strong></span> <span class='ocrx_word' id='word_1_156' title='bbox 967 2737 1030 2802; x_wconf 90' lang='lat' dir='ltr'><strong>boc</strong></span> <span class='ocrx_word' id='word_1_157' title='bbox 1055 2737 1117 2799; x_wconf 79' lang='lat' dir='ltr'><strong>sim</strong></span> <span class='ocrx_word' id='word_1_158' title='bbox 1139 2735 1240 2798; x_wconf 86' lang='lat' dir='ltr'><strong>lrabct</strong></span> 
     </span>
     <span class='ocr_line' id='line_1_21' title="bbox 159 2832 1240 2928; baseline -0.004 -31"><span class='ocrx_word' id='word_1_159' title='bbox 159 2852 354 2926; x_wconf 84' lang='lat' dir='ltr'><strong>propterea,</strong></span> <span class='ocrx_word' id='word_1_160' title='bbox 388 2835 477 2928; x_wconf 90' lang='lat' dir='ltr'><strong>quod</strong></span> <span class='ocrx_word' id='word_1_161' title='bbox 513 2837 570 2903; x_wconf 89' lang='lat' dir='ltr'><strong>ille</strong></span> <span class='ocrx_word' id='word_1_162' title='bbox 599 2838 707 2904; x_wconf 89' lang='lat' dir='ltr'><strong>nullos</strong></span> <span class='ocrx_word' id='word_1_163' title='bbox 735 2839 870 2903; x_wconf 87' lang='lat' dir='ltr'><strong>omuino</strong></span> <span class='ocrx_word' id='word_1_164' title='bbox 898 2833 1051 2901; x_wconf 91' lang='lat' dir='ltr'><strong>consules</strong></span> <span class='ocrx_word' id='word_1_165' title='bbox 1073 2858 1137 2899; x_wconf 85' lang='lat' dir='ltr'><strong>nec</strong></span> <span class='ocrx_word' id='word_1_166' title='bbox 1163 2832 1240 2895; x_wconf 89' lang='lat' dir='ltr'><strong>anni</strong></span> 
     </span>
     <span class='ocr_line' id='line_1_22' title="bbox 163 2931 1242 3021; baseline -0.006 -21"><span class='ocrx_word' id='word_1_167' title='bbox 163 2931 234 3000; x_wconf 69' lang='lat'>‘203</span> <span class='ocrx_word' id='word_1_168' title='bbox 261 2959 324 3000; x_wconf 89' lang='lat' dir='ltr'><strong>nec</strong></span> <span class='ocrx_word' id='word_1_169' title='bbox 349 2933 432 3001; x_wconf 85' lang='lat' dir='ltr'><strong>adeo</strong></span> <span class='ocrx_word' id='word_1_170' title='bbox 459 2936 530 3005; x_wconf 70' lang='lat'><strong>964</strong></span> <span class='ocrx_word' id='word_1_171' title='bbox 557 2955 801 3007; x_wconf 81' lang='lat' dir='ltr'><strong>commemorat,</strong></span> <span class='ocrx_word' id='word_1_172' title='bbox 828 2933 889 3000; x_wconf 90' lang='lat' dir='ltr'><strong>sed</strong></span> <span class='ocrx_word' id='word_1_173' title='bbox 915 2934 1062 2999; x_wconf 88' lang='lat' dir='ltr'><strong>Minucio</strong></span> <span class='ocrx_word' id='word_1_174' title='bbox 1080 2932 1242 3021; x_wconf 85' lang='lat' dir='ltr'><strong>Sempro·</strong></span> 
     </span>
     <span class='ocr_line' id='line_1_23' title="bbox 162 3030 1242 3123; baseline -0.002 -28"><span class='ocrx_word' id='word_1_175' title='bbox 162 3034 286 3123; x_wconf 83' lang='lat' dir='ltr'><strong>niaque</strong></span> <span class='ocrx_word' id='word_1_176' title='bbox 312 3032 354 3117; x_wconf 89' lang='lat' dir='ltr'><strong>(c.</strong></span> <span class='ocrx_word' id='word_1_177' title='bbox 375 3031 436 3114; x_wconf 67' lang='lat' dir='ltr'><strong>tii)</strong></span> <span class='ocrx_word' id='word_1_178' title='bbox 464 3039 633 3104; x_wconf 79' lang='lat' dir='ltr'><strong>contirumt</strong></span> <span class='ocrx_word' id='word_1_179' title='bbox 658 3039 732 3104; x_wconf 78' lang='lat' dir='ltr'><strong>anni</strong></span> <span class='ocrx_word' id='word_1_180' title='bbox 750 3035 820 3103; x_wconf 72' lang='lat'><strong>‘265</strong></span> <span class='ocrx_word' id='word_1_181' title='bbox 847 3032 1000 3101; x_wconf 81' lang='lat' dir='ltr'><strong>consulas</strong></span> <span class='ocrx_word' id='word_1_182' title='bbox 1014 3031 1071 3122; x_wconf 86' lang='lat' dir='ltr'><strong>Sp.</strong></span> <span class='ocrx_word' id='word_1_183' title='bbox 1089 3030 1242 3094; x_wconf 81' lang='lat' dir='ltr'><strong>Nautium</strong></span> 
     </span>
     <span class='ocr_line' id='line_1_24' title="bbox 165 3129 1245 3221; baseline -0.006 -26"><span class='ocrx_word' id='word_1_184' title='bbox 165 3130 240 3195; x_wconf 82' lang='lat' dir='ltr'><strong>Sex.</strong></span> <span class='ocrx_word' id='word_1_185' title='bbox 266 3131 293 3195; x_wconf 88' lang='lat' dir='ltr'>F</span> <span class='ocrx_word' id='word_1_186' title='bbox 297 3132 401 3196; x_wconf 81' lang='lat' dir='ltr'><strong>urium</strong></span> <span class='ocrx_word' id='word_1_187' title='bbox 431 3132 474 3217; x_wconf 85' lang='lat' dir='ltr'><strong>(c.</strong></span> <span class='ocrx_word' id='word_1_188' title='bbox 494 3132 569 3217; x_wconf 85' lang='lat'>39):</span> <span class='ocrx_word' id='word_1_189' title='bbox 598 3154 633 3200; x_wconf 90' lang='lat' dir='ltr'><strong>ut</strong></span> <span class='ocrx_word' id='word_1_190' title='bbox 658 3160 724 3202; x_wconf 89' lang='lat' dir='ltr'><strong>non</strong></span> <span class='ocrx_word' id='word_1_191' title='bbox 751 3134 916 3199; x_wconf 75' lang='lat' dir='ltr'><strong>iinmerito</strong></span> <span class='ocrx_word' id='word_1_192' title='bbox 943 3131 983 3197; x_wconf 91' lang='lat' dir='ltr'><strong>ad</strong></span> <span class='ocrx_word' id='word_1_193' title='bbox 1004 3129 1144 3221; x_wconf 83' lang='lat' dir='ltr'><strong>Sulpicii</strong></span> <span class='ocrx_word' id='word_1_194' title='bbox 1166 3131 1245 3192; x_wconf 62' lang='lat' dir='ltr'><strong>Lais-</strong></span> 
     </span>
     <span class='ocr_line' id='line_1_25' title="bbox 167 3229 1246 3325; baseline -0.005 -32"><span class='ocrx_word' id='word_1_195' title='bbox 167 3229 272 3320; x_wconf 84' lang='lat' dir='ltr'><strong>tiique</strong></span> <span class='ocrx_word' id='word_1_196' title='bbox 297 3255 418 3296; x_wconf 78' lang='lat' dir='ltr'><strong>aratrum</strong></span> <span class='ocrx_word' id='word_1_197' title='bbox 448 3233 556 3324; x_wconf 89' lang='lat' dir='ltr'><strong>ipsum</strong></span> <span class='ocrx_word' id='word_1_198' title='bbox 587 3235 712 3300; x_wconf 88' lang='lat' dir='ltr'><strong>initium</strong></span> <span class='ocrx_word' id='word_1_199' title='bbox 741 3234 857 3325; x_wconf 88' lang='lat' dir='ltr'><strong>capitis</strong></span> <span class='ocrx_word' id='word_1_200' title='bbox 880 3234 926 3302; x_wconf 83' lang='lat'><strong>37</strong></span> <span class='ocrx_word' id='word_1_201' title='bbox 945 3229 1160 3319; x_wconf 81' lang='lat' dir='ltr'><strong>(Ludiquum</strong></span> <span class='ocrx_word' id='word_1_202' title='bbox 1174 3251 1246 3289; x_wconf 85' lang='lat' dir='ltr'><strong>arn·</strong></span> 
     </span>
     <span class='ocr_line' id='line_1_26' title="bbox 164 3324 1246 3421; baseline -0.001 -30"><span class='ocrx_word' id='word_1_203' title='bbox 164 3326 310 3418; x_wconf 85' lang='lat' dir='ltr'><strong>piissimi</strong></span> <span class='ocrx_word' id='word_1_204' title='bbox 328 3347 364 3394; x_wconf 87' lang='lat' dir='ltr'><strong>ut</strong></span> <span class='ocrx_word' id='word_1_205' title='bbox 381 3329 517 3421; x_wconf 34' lang='lat' dir='ltr'><strong>‚fierent</strong></span> <span class='ocrx_word' id='word_1_206' title='bbox 532 3352 672 3398; x_wconf 81' lang='lat' dir='ltr'><strong>serratus</strong></span> <span class='ocrx_word' id='word_1_207' title='bbox 686 3333 844 3398; x_wconf 85' lang='lat' dir='ltr'><strong>decrevit.</strong></span> <span class='ocrx_word' id='word_1_208' title='bbox 870 3328 929 3397; x_wconf 79' lang='lat' dir='ltr'><strong>Ad</strong></span> <span class='ocrx_word' id='word_1_209' title='bbox 944 3327 1108 3394; x_wconf 82' lang='lat' dir='ltr'><strong>coslurlos</strong></span> <span class='ocrx_word' id='word_1_210' title='bbox 1122 3353 1148 3391; x_wconf 88' lang='lat' dir='ltr'><strong>e.</strong></span> <span class='ocrx_word' id='word_1_211' title='bbox 1161 3352 1191 3417; x_wconf 86' lang='lat' dir='ltr'><strong>q.</strong></span> <span class='ocrx_word' id='word_1_212' title='bbox 1204 3324 1246 3408; x_wconf 90' lang='lat' dir='ltr'><strong>s.)</strong></span> 
     </span>
     <span class='ocr_line' id='line_1_27' title="bbox 168 3426 1248 3525; baseline -0.006 -31"><span class='ocrx_word' id='word_1_213' title='bbox 168 3426 337 3519; x_wconf 85' lang='lat' dir='ltr'><strong>Sigonius,</strong></span> <span class='ocrx_word' id='word_1_214' title='bbox 364 3431 569 3511; x_wconf 84' lang='lat' dir='ltr'><strong>Perizonius,</strong></span> <span class='ocrx_word' id='word_1_215' title='bbox 598 3434 739 3525; x_wconf 80' lang='lat' dir='ltr'><strong>Pighius,</strong></span> <span class='ocrx_word' id='word_1_216' title='bbox 762 3431 818 3497; x_wconf 86' lang='lat' dir='ltr'><strong>ulii</strong></span> <span class='ocrx_word' id='word_1_217' title='bbox 842 3428 1038 3494; x_wconf 77' lang='lat' dir='ltr'><strong>rettulerint.</strong></span> <span class='ocrx_word' id='word_1_218' title='bbox 1073 3426 1141 3490; x_wconf 89' lang='lat' dir='ltr'><strong>lam</strong></span> <span class='ocrx_word' id='word_1_219' title='bbox 1167 3449 1248 3489; x_wconf 80' lang='lat' dir='ltr'><strong>vcro</strong></span> 
     </span>
     <span class='ocr_line' id='line_1_28' title="bbox 168 3522 1249 3617; baseline -0.004 -27"><span class='ocrx_word' id='word_1_220' title='bbox 168 3527 323 3617; x_wconf 78' lang='lat' dir='ltr'><strong>proximo</strong></span> <span class='ocrx_word' id='word_1_221' title='bbox 356 3546 432 3593; x_wconf 85' lang='lat' dir='ltr'><strong>ante</strong></span> <span class='ocrx_word' id='word_1_222' title='bbox 465 3530 536 3598; x_wconf 72' lang='lat'><strong>‘263</strong></span> <span class='ocrx_word' id='word_1_223' title='bbox 570 3558 655 3598; x_wconf 77' lang='lat' dir='ltr'><strong>asino</strong></span> <span class='ocrx_word' id='word_1_224' title='bbox 689 3531 773 3597; x_wconf 85' lang='lat' dir='ltr'><strong>sacta</strong></span> <span class='ocrx_word' id='word_1_225' title='bbox 802 3548 851 3596; x_wconf 86' lang='lat' dir='ltr'><strong>est</strong></span> <span class='ocrx_word' id='word_1_226' title='bbox 876 3528 1020 3594; x_wconf 86' lang='lat' dir='ltr'><strong>secessio</strong></span> <span class='ocrx_word' id='word_1_227' title='bbox 1044 3525 1101 3591; x_wconf 85' lang='lat' dir='ltr'><strong>illa</strong></span> <span class='ocrx_word' id='word_1_228' title='bbox 1128 3522 1249 3614; x_wconf 85' lang='lat' dir='ltr'><strong>plebis,</strong></span> 
     </span>
     <span class='ocr_line' id='line_1_29' title="bbox 170 3622 1251 3719; baseline -0.004 -29"><span class='ocrx_word' id='word_1_229' title='bbox 170 3628 262 3690; x_wconf 88' lang='lat' dir='ltr'><strong>cuius</strong></span> <span class='ocrx_word' id='word_1_230' title='bbox 295 3650 368 3691; x_wconf 84' lang='lat' dir='ltr'><strong>curu</strong></span> <span class='ocrx_word' id='word_1_231' title='bbox 398 3630 543 3719; x_wconf 90' lang='lat' dir='ltr'><strong>patriciis</strong></span> <span class='ocrx_word' id='word_1_232' title='bbox 575 3631 808 3697; x_wconf 78' lang='lat' dir='ltr'><strong>reconciliatae</strong></span> <span class='ocrx_word' id='word_1_233' title='bbox 834 3651 947 3695; x_wconf 79' lang='lat' dir='ltr'><strong>caussa</strong></span> <span class='ocrx_word' id='word_1_234' title='bbox 974 3624 1047 3690; x_wconf 80' lang='lat' dir='ltr'><strong>ludi</strong></span> <span class='ocrx_word' id='word_1_235' title='bbox 1066 3623 1178 3715; x_wconf 84' lang='lat' dir='ltr'><strong>plebei</strong></span> <span class='ocrx_word' id='word_1_236' title='bbox 1199 3622 1251 3686; x_wconf 91' lang='lat' dir='ltr'><strong>in·</strong></span> 
     </span>
     <span class='ocr_line' id='line_1_30' title="bbox 168 3721 1286 3819; baseline -0.006 -30"><span class='ocrx_word' id='word_1_237' title='bbox 168 3726 289 3789; x_wconf 88' lang='lat' dir='ltr'><strong>stituti:</strong></span> <span class='ocrx_word' id='word_1_238' title='bbox 316 3750 414 3816; x_wconf 76' lang='lat' dir='ltr'><strong>qum</strong></span> <span class='ocrx_word' id='word_1_239' title='bbox 437 3753 520 3805; x_wconf 80' lang='lat' dir='ltr'><strong>rena,</strong></span> <span class='ocrx_word' id='word_1_240' title='bbox 548 3733 715 3819; x_wconf 89' lang='lat' dir='ltr'><strong>personati</strong></span> <span class='ocrx_word' id='word_1_241' title='bbox 730 3729 862 3794; x_wconf 86' lang='lat' dir='ltr'><strong>Asconii</strong></span> <span class='ocrx_word' id='word_1_242' title='bbox 878 3726 1066 3792; x_wconf 89' lang='lat' dir='ltr'><strong>testimonio</strong></span> <span class='ocrx_word' id='word_1_243' title='bbox 1084 3721 1248 3814; x_wconf 86' lang='lat' dir='ltr'><strong>proditam</strong></span> <span class='ocrx_word' id='word_1_244' title='bbox 1283 3779 1286 3782; x_wconf 87' lang='lat'>.</span> 
     </span>
     <span class='ocr_line' id='line_1_31' title="bbox 171 3821 1251 3917; baseline -0.011 -21"><span class='ocrx_word' id='word_1_245' title='bbox 171 3821 254 3907; x_wconf 69' lang='lat' dir='ltr'><strong>(vbi-</strong></span> <span class='ocrx_word' id='word_1_246' title='bbox 280 3852 309 3913; x_wconf 77' lang='lat' dir='ltr'><strong>p.</strong></span> <span class='ocrx_word' id='word_1_247' title='bbox 325 3840 388 3896; x_wconf 79' lang='lat'><strong>306</strong></span> <span class='ocrx_word' id='word_1_248' title='bbox 411 3824 486 3917; x_wconf 58' lang='lat' dir='ltr'><strong>sq),</strong></span> <span class='ocrx_word' id='word_1_249' title='bbox 513 3831 597 3893; x_wconf 88' lang='lat' dir='ltr'><strong>miro</strong></span> <span class='ocrx_word' id='word_1_250' title='bbox 623 3828 753 3894; x_wconf 87' lang='lat' dir='ltr'><strong>silentio</strong></span> <span class='ocrx_word' id='word_1_251' title='bbox 776 3828 884 3893; x_wconf 83' lang='lat' dir='ltr'><strong>Livius</strong></span> <span class='ocrx_word' id='word_1_252' title='bbox 912 3824 1135 3915; x_wconf 77' lang='lat' dir='ltr'><strong>etlliouysius</strong></span> <span class='ocrx_word' id='word_1_253' title='bbox 1154 3846 1251 3914; x_wconf 82' lang='lat' dir='ltr'><strong>prae-</strong></span> 
     </span>
     <span class='ocr_line' id='line_1_32' title="bbox 171 3925 1252 4020; baseline -0.004 -31"><span class='ocrx_word' id='word_1_254' title='bbox 171 3925 397 3989; x_wconf 85' lang='lat' dir='ltr'><strong>termiserunt.</strong></span> <span class='ocrx_word' id='word_1_255' title='bbox 450 3927 513 3993; x_wconf 87' lang='lat' dir='ltr'><strong>Eos</strong></span> <span class='ocrx_word' id='word_1_256' title='bbox 542 3929 641 4020; x_wconf 84' lang='lat' dir='ltr'><strong>igitur</strong></span> <span class='ocrx_word' id='word_1_257' title='bbox 665 3926 774 4006; x_wconf 87' lang='lat' dir='ltr'><strong>ludos,</strong></span> <span class='ocrx_word' id='word_1_258' title='bbox 799 3927 916 4016; x_wconf 80' lang='lat' dir='ltr'><strong>exiguo</strong></span> <span class='ocrx_word' id='word_1_259' title='bbox 942 3939 978 3988; x_wconf 88' lang='lat' dir='ltr'><strong>ut</strong></span> <span class='ocrx_word' id='word_1_260' title='bbox 1002 3937 1143 4014; x_wconf 82' lang='lat' dir='ltr'><strong>apparet</strong></span> <span class='ocrx_word' id='word_1_261' title='bbox 1167 3940 1252 3986; x_wconf 85' lang='lat' dir='ltr'><strong>teru-</strong></span> 
     </span>
    </p>
   </div>
   <div class='ocr_carea' id='block_1_3' title="bbox 196 4091 1264 4689">
    <p class='ocr_par' dir='ltr' id='par_1_3' title="bbox 196 4091 1264 4689">
     <span class='ocr_line' id='line_1_33' title="bbox 277 4091 1256 4170; baseline -0.017 -13"><span class='ocrx_word' id='word_1_262' title='bbox 277 4120 370 4157; x_wconf 85' lang='lat' dir='ltr'><strong>nomeu</strong></span> <span class='ocrx_word' id='word_1_263' title='bbox 389 4101 456 4170; x_wconf 85' lang='lat' dir='ltr'><strong>spud</strong></span> <span class='ocrx_word' id='word_1_264' title='bbox 467 4102 605 4152; x_wconf 78' lang='lat' dir='ltr'><strong>Ascanium</strong></span> <span class='ocrx_word' id='word_1_265' title='bbox 619 4101 652 4159; x_wconf 87' lang='lat' dir='ltr'><strong>ii,</strong></span> <span class='ocrx_word' id='word_1_266' title='bbox 672 4117 697 4168; x_wconf 85' lang='lat' dir='ltr'><strong>p.</strong></span> <span class='ocrx_word' id='word_1_267' title='bbox 711 4102 747 4154; x_wconf 80' lang='grc'><strong>69</strong></span> <span class='ocrx_word' id='word_1_268' title='bbox 761 4100 804 4153; x_wconf 92' lang='lat' dir='ltr'><strong>0r.</strong></span> <span class='ocrx_word' id='word_1_269' title='bbox 824 4098 953 4151; x_wconf 76' lang='lat' dir='ltr'><strong>excidisse</strong></span> <span class='ocrx_word' id='word_1_270' title='bbox 962 4097 1104 4148; x_wconf 83' lang='lat' dir='ltr'><strong>rectissime</strong></span> <span class='ocrx_word' id='word_1_271' title='bbox 1115 4091 1256 4159; x_wconf 70' lang='lat' dir='ltr'><strong>Madvigius</strong></span> 
     </span>
     <span class='ocr_line' id='line_1_34' title="bbox 277 4180 1258 4262; baseline -0.014 -20"><span class='ocrx_word' id='word_1_272' title='bbox 277 4193 362 4262; x_wconf 77' lang='lat' dir='ltr'><strong>vidit),</strong></span> <span class='ocrx_word' id='word_1_273' title='bbox 379 4191 422 4259; x_wconf 79' lang='lat' dir='ltr'><strong>qui</strong></span> <span class='ocrx_word' id='word_1_274' title='bbox 444 4197 589 4240; x_wconf 79' lang='lat' dir='ltr'><strong>senatorum</strong></span> <span class='ocrx_word' id='word_1_275' title='bbox 607 4205 620 4239; x_wconf 84' lang='lat' dir='ltr'><strong>a</strong></span> <span class='ocrx_word' id='word_1_276' title='bbox 641 4188 729 4256; x_wconf 85' lang='lat' dir='ltr'><strong>popuii</strong></span> <span class='ocrx_word' id='word_1_277' title='bbox 746 4202 869 4239; x_wconf 83' lang='lat' dir='ltr'><strong>consessu</strong></span> <span class='ocrx_word' id='word_1_278' title='bbox 889 4185 1060 4236; x_wconf 81' lang='lat' dir='ltr'><strong>secretionem</strong></span> <span class='ocrx_word' id='word_1_279' title='bbox 1078 4180 1258 4232; x_wconf 81' lang='lat' dir='ltr'><strong>nouiiomauis</strong></span> 
     </span>
     <span class='ocr_line' id='line_1_35' title="bbox 196 4264 1259 4345; baseline -0.016 -14"><span class='ocrx_word' id='word_1_280' title='bbox 196 4315 200 4322; x_wconf 89' lang='lat'>-</span> <span class='ocrx_word' id='word_1_281' title='bbox 274 4287 335 4343; x_wconf 83' lang='lat' dir='ltr'><strong>(nec</strong></span> <span class='ocrx_word' id='word_1_282' title='bbox 355 4275 557 4345; x_wconf 84' lang='lat' dir='ltr'><strong>birgslcnsibus)</strong></span> <span class='ocrx_word' id='word_1_283' title='bbox 576 4272 643 4325; x_wconf 90' lang='lat' dir='ltr'><strong>ludis</strong></span> <span class='ocrx_word' id='word_1_284' title='bbox 660 4274 791 4335; x_wconf 86' lang='lat' dir='ltr'><strong>sedilium,</strong></span> <span class='ocrx_word' id='word_1_285' title='bbox 814 4272 860 4324; x_wconf 85' lang='lat' dir='ltr'><strong>scd</strong></span> <span class='ocrx_word' id='word_1_286' title='bbox 881 4271 947 4321; x_wconf 87' lang='lat' dir='ltr'><strong>ludis</strong></span> <span class='ocrx_word' id='word_1_287' title='bbox 965 4271 1058 4320; x_wconf 79' lang='lat' dir='ltr'><strong>votivis</strong></span> <span class='ocrx_word' id='word_1_288' title='bbox 1078 4285 1091 4319; x_wconf 87' lang='lat' dir='ltr'><strong>s</strong></span> <span class='ocrx_word' id='word_1_289' title='bbox 1111 4264 1259 4343; x_wconf 67' lang='lat' dir='ltr'><strong>saisselinus</strong></span> 
     </span>
     <span class='ocr_line' id='line_1_36' title="bbox 273 4353 1262 4432; baseline -0.014 -16"><span class='ocrx_word' id='word_1_290' title='bbox 273 4367 363 4416; x_wconf 76' lang='lat' dir='ltr'><strong>codem</strong></span> <span class='ocrx_word' id='word_1_291' title='bbox 382 4364 532 4432; x_wconf 78' lang='lat' dir='ltr'><strong>anno(559)</strong></span> <span class='ocrx_word' id='word_1_292' title='bbox 551 4362 624 4414; x_wconf 84' lang='lat' dir='ltr'><strong>iactis</strong></span> <span class='ocrx_word' id='word_1_293' title='bbox 643 4361 743 4412; x_wconf 85' lang='lat' dir='ltr'><strong>tribuit:</strong></span> <span class='ocrx_word' id='word_1_294' title='bbox 765 4359 797 4410; x_wconf 85' lang='lat' dir='ltr'><strong>dc</strong></span> <span class='ocrx_word' id='word_1_295' title='bbox 815 4374 864 4426; x_wconf 85' lang='lat' dir='ltr'><strong>qua</strong></span> <span class='ocrx_word' id='word_1_296' title='bbox 882 4373 910 4409; x_wconf 90' lang='lat' dir='ltr'><strong>rc</strong></span> <span class='ocrx_word' id='word_1_297' title='bbox 925 4356 1012 4422; x_wconf 85' lang='lat' dir='ltr'><strong>paullo</strong></span> <span class='ocrx_word' id='word_1_298' title='bbox 1026 4363 1084 4408; x_wconf 86' lang='lat' dir='ltr'><strong>aute</strong></span> <span class='ocrx_word' id='word_1_299' title='bbox 1096 4353 1262 4405; x_wconf 86' lang='lat' dir='ltr'><strong>nmarbaums</strong></span> 
     </span>
     <span class='ocr_line' id='line_1_37' title="bbox 275 4443 1259 4520; baseline -0.016 -14"><span class='ocrx_word' id='word_1_300' title='bbox 275 4470 300 4520; x_wconf 83' lang='lat' dir='ltr'><strong>p.</strong></span> <span class='ocrx_word' id='word_1_301' title='bbox 315 4450 570 4513; x_wconf 68' lang='lat' dir='ltr'><strong>intremuimus,</strong></span> <span class='ocrx_word' id='word_1_302' title='bbox 589 4452 638 4500; x_wconf 78' lang='lat' dir='ltr'><strong>nisi</strong></span> <span class='ocrx_word' id='word_1_303' title='bbox 650 4448 734 4507; x_wconf 75' lang='lat' dir='ltr'><strong>tutior.</strong></span> <span class='ocrx_word' id='word_1_304' title='bbox 747 4446 812 4501; x_wconf 81' lang='lat' dir='ltr'><strong>ulter</strong></span> <span class='ocrx_word' id='word_1_305' title='bbox 824 4461 894 4497; x_wconf 86' lang='lat' dir='ltr'><strong>error</strong></span> <span class='ocrx_word' id='word_1_306' title='bbox 906 4445 954 4495; x_wconf 87' lang='lat' dir='ltr'><strong>init</strong></span> <span class='ocrx_word' id='word_1_307' title='bbox 965 4445 1034 4506; x_wconf 78' lang='lat' dir='ltr'><strong>Attii,</strong></span> <span class='ocrx_word' id='word_1_308' title='bbox 1050 4459 1108 4493; x_wconf 92' lang='lat' dir='ltr'><strong>cum</strong></span> <span class='ocrx_word' id='word_1_309' title='bbox 1117 4443 1259 4490; x_wconf 84' lang='lat' dir='ltr'><strong>rotisomm</strong></span> 
     </span>
     <span class='ocr_line' id='line_1_38' title="bbox 283 4529 1260 4598; baseline -0.016 -6"><span class='ocrx_word' id='word_1_310' title='bbox 283 4543 398 4593; x_wconf 84' lang='lat' dir='ltr'><strong>indorum</strong></span> <span class='ocrx_word' id='word_1_311' title='bbox 423 4556 436 4592; x_wconf 79' lang='lat' dir='ltr'><strong>u</strong></span> <span class='ocrx_word' id='word_1_312' title='bbox 461 4540 534 4592; x_wconf 80' lang='lat' dir='ltr'><strong>livio</strong></span> <span class='ocrx_word' id='word_1_313' title='bbox 551 4538 695 4591; x_wconf 78' lang='lat' dir='ltr'><strong>Salinatore</strong></span> <span class='ocrx_word' id='word_1_314' title='bbox 721 4537 845 4588; x_wconf 72' lang='lat' dir='ltr'><strong>iacturum</strong></span> <span class='ocrx_word' id='word_1_315' title='bbox 865 4533 988 4584; x_wconf 79' lang='lat' dir='ltr'><strong>memoris</strong></span> <span class='ocrx_word' id='word_1_316' title='bbox 1007 4533 1113 4598; x_wconf 86' lang='lat' dir='ltr'><strong>primam</strong></span> <span class='ocrx_word' id='word_1_317' title='bbox 1133 4529 1260 4579; x_wconf 80' lang='lat' dir='ltr'><strong>actionem</strong></span> 
     </span>
     <span class='ocr_line' id='line_1_39' title="bbox 282 4618 1264 4689; baseline -0.019 -7"><span class='ocrx_word' id='word_1_318' title='bbox 282 4631 410 4682; x_wconf 78' lang='lat' dir='ltr'><strong>scenicam</strong></span> <span class='ocrx_word' id='word_1_319' title='bbox 429 4627 494 4680; x_wconf 80' lang='lat' dir='ltr'><strong>Lim</strong></span> <span class='ocrx_word' id='word_1_320' title='bbox 512 4626 651 4679; x_wconf 78' lang='lat' dir='ltr'><strong>Andronici</strong></span> <span class='ocrx_word' id='word_1_321' title='bbox 675 4624 805 4686; x_wconf 81' lang='lat' dir='ltr'><strong>sociastis,</strong></span> <span class='ocrx_word' id='word_1_322' title='bbox 826 4637 893 4689; x_wconf 84' lang='lat' dir='ltr'><strong>quse</strong></span> <span class='ocrx_word' id='word_1_323' title='bbox 906 4621 936 4672; x_wconf 84' lang='lat' dir='ltr'><strong>sd</strong></span> <span class='ocrx_word' id='word_1_324' title='bbox 951 4620 1079 4671; x_wconf 83' lang='lat' dir='ltr'><strong>Ronrsaos</strong></span> <span class='ocrx_word' id='word_1_325' title='bbox 1097 4618 1181 4683; x_wconf 65' lang='lat' dir='ltr'><strong>lartius</strong></span> <span class='ocrx_word' id='word_1_326' title='bbox 1201 4629 1264 4681; x_wconf 65' lang='lat' dir='ltr'><strong>{rcr-</strong></span> 
     </span>
    </p>
   </div>
   <div class='ocr_carea' id='block_1_4' title="bbox 283 4707 1189 4795">
    <p class='ocr_par' dir='ltr' id='par_1_4' title="bbox 283 4707 1189 4795">
     <span class='ocr_line' id='line_1_40' title="bbox 283 4707 1189 4795; baseline -0.015 -26"><span class='ocrx_word' id='word_1_327' title='bbox 283 4717 372 4770; x_wconf 80' lang='lat' dir='ltr'><strong>tinuit:</strong></span> <span class='ocrx_word' id='word_1_328' title='bbox 393 4715 419 4769; x_wconf 90' lang='lat' dir='ltr'><strong>id</strong></span> <span class='ocrx_word' id='word_1_329' title='bbox 436 4715 504 4785; x_wconf 86' lang='lat' dir='ltr'><strong>quud</strong></span> <span class='ocrx_word' id='word_1_330' title='bbox 523 4714 652 4782; x_wconf 72' lang='lat' dir='ltr'><strong>legitimus</strong></span> <span class='ocrx_word' id='word_1_331' title='bbox 669 4713 829 4778; x_wconf 59' lang='lat' dir='ltr'><strong>MSS-iiiii</strong></span> <span class='ocrx_word' id='word_1_332' title='bbox 847 4716 943 4795; x_wconf 77' lang='lat' dir='ltr'><strong>sunsit.</strong></span> <span class='ocrx_word' id='word_1_333' title='bbox 963 4709 1024 4765; x_wconf 76' lang='lat' dir='ltr'><strong>tts.</strong></span> <span class='ocrx_word' id='word_1_334' title='bbox 1038 4707 1091 4761; x_wconf 71' lang='lat'><strong>628</strong></span> <span class='ocrx_word' id='word_1_335' title='bbox 1104 4710 1189 4757; x_wconf 72' lang='lat' dir='ltr'><strong>aanor</strong></span> 
     </span>
    </p>
   </div>
   <div class='ocr_carea' id='block_1_5' title="bbox 0 0 1439 5332">
    <p class='ocr_par' dir='ltr' id='par_1_5' title="bbox 0 0 1439 5332">
     <span class='ocr_line' id='line_1_41' title="bbox 0 0 1439 5332; baseline 0 0"><span class='ocrx_word' id='word_1_336' title='bbox 0 0 1439 5332; x_wconf 95' lang='lat' dir='ltr'><strong> </strong></span> 
     </span>
    </p>
   </div>
  </div>
 </body>
</html>
