2820 5332
228 688 301 758 ‘152
407 739 408 742 η
448 711 516 753 rut.
541 712 583 753 ne
609 707 755 753 avautro
782 708 953 753 senuaar!
980 707 1103 753 oratus.

254 885 299 955 73
351 905 408 948 ru.
436 877 514 946 Alio
541 879 642 944 credo
660 882 875 944 comissatum
887 876 1015 945 abisse:
1036 877 1199 943 abeamus
1215 866 1314 945 auae

716 997 793 1058 iam.

347 1133 407 1175 ra.
434 1107 545 1176 Puera
568 1159 575 1174 .
602 1156 611 1174 .
637 1134 658 1202 q
684 1157 1004 1178 ..........
1023 1109 1088 1175 Ιιαο
1113 1134 1166 1175 ate
1191 1162 1200 1179 .
1227 1157 1237 1174 .
1265 1159 1276 1178 .
1301 1152 1313 1171 .

254 1222 299 1293 74
351 1248 411 1294 ru.
439 1227 563 1300 Paerc,
589 1228 703 1288 iamne
727 1223 824 1288 abis?
851 1222 991 1290 libertas
1002 1224 1186 1316 paenulast
1206 1240 1311 1316 terga

718 1355 786 1402 luo.

256 1460 302 1527 75
353 1477 411 1520 ra.
436 1454 546 1528 aliti,
571 1455 640 1518 uisi
664 1469 700 1518 ut
726 1478 820 1518 crum
844 1469 990 1518 metuam
1014 1469 1050 1518 et
1074 1477 1200 1530 curem,
1222 1453 1314 1520 niltil

720 1584 772 1632 est
797 1572 856 1660 qai
879 1584 1013 1658 tergam
1035 1583 1162 1659 tegam.

227 1684 282 1751 Sic
309 1685 395 1749 euim
423 1682 573 1750 ultimum
600 1684 720 1775 scripsi
748 1683 834 1751 duce
860 1685 1092 1765 Ambrosiano,
1117 1686 1154 1749 in
1178 1701 1311 1778 quaest

225 1799 297 1866 NIS
313 1849 320 1864 .
335 1799 367 1865 U
382 1849 389 1863 .
406 1800 414 1862 Ι
429 1801 437 1864 Ι
451 1800 547 1865 RUM
574 1798 607 1866 h.
624 1824 652 1863 e.
680 1802 748 1864 uisi
771 1804 823 1863 uti
836 1823 938 1865 eram.
970 1798 1144 1893 Vulgatam
1164 1800 1309 1892 scriptu-

225 1940 297 1981 ram
323 1917 392 1979 nisi
414 1914 530 1979 lteram
556 1938 574 1978 e
601 1910 765 1992 Palatinis,
792 1915 826 1977 iu
849 1915 970 2006 quihus
989 1931 1040 1981 est
1062 1917 1132 1979 nisi
1150 1937 1245 1980 eram
1260 1929 1311 1994 at,

226 2031 274 2096 sie
301 2047 492 2095 correxerat
517 2028 668 2094 Bothius:
695 2002 773 2093 nisi⁸
787 2023 905 2094 luiram
928 2032 997 2108 ati,
1021 2050 1091 2096 non
1112 2028 1221 2116 male,
1246 2026 1308 2095 sed

230 2143 374 2209 utillud
400 2161 555 2236 praestet
614 2144 663 2210 Eo
691 2162 820 2223 autem,
855 2145 913 2234 qui
946 2142 1070 2210 excidit
1094 2168 1212 2225 versu,
1246 2166 1311 2211 nos

228 2257 363 2350 quidem
386 2240 468 2323 nihil
495 2258 661 2350 potuimus
687 2260 808 2324 uostris
835 2257 940 2326 oculis
975 2261 1138 2352 expiscari
1171 2258 1233 2325 nisi
1266 2260 1310 2326 ab

227 2375 320 2439 initio
343 2375 455 2440 Paere
479 2421 509 2439 ..
528 2396 618 2466 q..:
644 2371 847 2466 syllabarum
873 2398 956 2466 quae
979 2392 1055 2440 suut
1080 2375 1144 2440 ltac
1167 2398 1218 2439 me
1243 2398 1312 2442 uec

229 2488 300 2555 vola
326 2516 389 2555 nec
415 2492 585 2581 vestigium
612 2491 781 2582 apparuit:
807 2488 864 2555 sed
892 2509 1001 2556 tamen
1018 2492 1108 2558 Maio
1134 2488 1311 2557 credamus

229 2604 309 2671 olim
332 2608 535 2698 apparuisse.
597 2608 670 2687 Quo
704 2623 812 2671 autem
839 2604 895 2670 illu
921 2605 1057 2671 tandem
1078 2623 1229 2699 spectare
1256 2604 1312 2670 di-

232 2745 358 2800 camnis,
387 2748 471 2814 quae
497 2720 750 2812 Theuropidem
776 2745 880 2813 puero
907 2719 1075 2786 dicentem
1102 2722 1242 2788 saciuute
1269 2720 1312 2785 li-

231 2839 345 2904 bertas
368 2837 518 2927 paenula
543 2854 593 2901 est
621 2854 719 2926 tergo
746 2852 803 2900 tuo
827 2835 894 2900 -l
947 2837 1137 2928 Explicaut:
1163 2835 1313 2903 liberum

231 2952 373 3047 paenula
400 2954 459 3018 tibi
485 2972 611 3044 tergum
639 2970 689 3017 est
716 2953 746 3017 h.
773 2977 801 3017 e.
826 2950 1000 3043 paenulam
1027 2975 1094 3018 non
1119 2969 1237 3044 gestas.
1269 2950 1312 3017 Id

232 3085 268 3134 ut
292 3065 409 3134 saltem
435 3086 548 3157 posset
572 3065 654 3145 fieri,
680 3065 848 3132 leuissima
864 3055 1049 3134 ⁴mutatione
1065 3067 1200 3134 Bothius
1227 3069 1312 3133 scri-

230 3183 332 3249 bebat
358 3181 497 3248 libertas
521 3181 691 3272 paenulae
718 3199 768 3245 cst
792 3198 890 3271 tergo
915 3198 993 3248 tac:
1019 3208 1095 3248 nam
1119 3183 1311 3275 peaulaest

233 3316 347 3365 teuent
371 3299 461 3377 Pall„
483 3297 665 3390 paenulast
690 3298 805 3363 Autbr.
851 3296 921 3364 Sed
937 3324 1022 3391 quac
1039 3301 1086 3370 vis
1101 3317 1197 3378 esset,
1225 3324 1310 3390 quae

232 3414 331 3491 ratio,
371 3416 427 3503 qui
463 3439 566 3478 nexus
592 3413 689 3478 huius
714 3414 780 3478 ioci
819 3413 907 3497 (nam
934 3412 976 3478 de
1001 3413 1075 3480 ioco
1102 3410 1312 3506 cogitarunt),

233 3554 296 3593 nec
320 3528 457 3596 Bothius
484 3552 546 3593 nec
574 3527 654 3593 alius
671 3529 845 3619 quisquam
869 3526 1094 3595 demonstrare
1106 3529 1230 3621 potuit:
1255 3528 1313 3620 qui

235 3641 372 3736 quidem
397 3643 499 3723 iocus,
522 3660 560 3716 ut
587 3640 693 3707 dicam
720 3642 811 3733 quod
837 3668 892 3708 res
922 3660 992 3723 est,·
1013 3645 1237 3735 ineptissimus
1265 3623 1315 3709 est

236 3777 269 3825 et
291 3759 375 3826 ultra
402 3785 499 3851 quam
526 3759 592 3824 dici
626 3778 737 3851 potest
771 3760 903 3852 frigens.
955 3761 1042 3844 Quid
1068 3760 1193 3827 multa?
1244 3785 1317 3827 ser·

238 3877 479 3943 mociuantibus
499 3877 545 3942 sic
571 3873 628 3940 illa
655 3872 883 3941 distribuenda
909 3894 1004 3942 suut:

360 4014 422 4061 ra.
450 3984 582 4072 Puera,
608 3995 721 4054 iamne
747 3984 849 4054 abis?
902 4012 956 4056 ra.
981 3989 1118 4056 libertas
1135 3984 1316 4082 paenulast

732 4099 831 4194 tergd
859 4121 938 4169 tuo:

360 4215 471 4292 Mlti,
495 4224 563 4285 nisi
586 4236 622 4285 ut
648 4244 741 4285 erum
766 4213 910 4284 meitaam
936 4237 969 4286 et
994 4246 1131 4296 curem,
1158 4212 1248 4285 nlltil
1268 4233 1322 4286 ast

727 4339 785 4426 qui
809 4330 943 4426 tergam
968 4353 1092 4428 tegam.

242 4453 312 4517 Huc
339 4453 424 4514 cuim
453 4450 600 4516 servolus
624 4451 687 4514 sibi
714 4451 796 4516 vult:
824 4469 856 4515 tu
885 4451 1020 4543 quidem
1046 4477 1114 4519 uon
1136 4454 1240 4518 habes
1261 4478 1321 4520 cur

240 4585 330 4659 tergo
359 4568 489 4645 timeus,
523 4585 556 4632 ut
583 4569 639 4658 qui
666 4568 708 4631 sis
735 4566 839 4631 liber:
878 4569 937 4632 tibi
963 4569 1061 4659 igitur
1086 4571 1157 4662 ipsa
1180 4567 1320 4634 libertas

241 4681 406 4775 praesidio
434 4683 474 4749 et'
493 4700 647 4775 tauquam
674 4701 862 4774 tegumento
891 4684 974 4779 tergi
1003 4703 1071 4752 est:
1099 4702 1214 4753 contra
1228 4685 1319 4761 mihi,
