2820 5332
265 774 344 816 xvttt
710 770 904 814 ernnusto.

261 942 396 1038 quando
429 942 540 1009 subtili
575 943 726 1035 prolecto
761 941 983 1036 disputatione
1012 943 1244 1027 familiaribus
1274 952 1345 1014 suis

262 1070 324 1137 pro
342 1042 536 1130 familiaris
570 1046 625 1108 sui
648 1041 807 1109 Suetonio
842 1043 968 1110 restitui
993 1044 1251 1112 Van-llensdius
1273 1048 1345 1112 ins-

259 1146 302 1211 sit
324 1141 418 1209 Stod.
445 1142 515 1208 erit.
541 1168 574 1233 p.
595 1140 643 1213 46
671 1166 723 1234 sq.
749 1160 783 1208 et
807 1143 911 1235 Epist.
933 1142 976 1209 ad
998 1143 1036 1210 C.
1055 1143 1093 1209 F.
1115 1144 1343 1211 Hermannum

258 1266 291 1334 p.
311 1244 441 1334 l5sqq.

357 1353 390 1413 Ρ,
415 1353 477 1412 199
498 1353 609 1403 annot.
643 1357 932 1405 commemoratam
967 1339 1145 1435 Ladewigii
1180 1339 1223 1407 de
1250 1360 1342 1409 actac

257 1439 439 1528 Casinae
479 1453 634 1529 tempore
665 1439 860 1504 sententiam
896 1440 1091 1508 confirmare
1119 1439 1176 1507 ille
1201 1439 1342 1534 supple-

258 1553 369 1606 mento
408 1552 691 1628 argumentorum·
711 1535 744 1599 in
770 1539 858 1604 Mus.
885 1537 1001 1629 philol.
1027 1540 1085 1619 Ill,
1110 1565 1144 1631 p.
1167 1539 1237 1608 537
1265 1567 1341 1633 sqq.

257 1635 399 1702 studuit:
434 1659 576 1726 quorum
604 1649 725 1714 tamen,
751 1636 815 1701 nisi
836 1634 990 1716 fallimur,
1017 1638 1144 1704 nullum
1172 1657 1232 1716 est,
1257 1641 1339 1731 quin

233 1735 287 1800 'ei
311 1753 465 1828 tanquam
492 1734 730 1825 praesensione
754 1732 863 1827 aliqnn
889 1737 959 1829 ipsa
987 1756 1094 1806 nostra
1116 1737 1341 1831 disputatione

257 1857 516 1902 occurrerimus.

352 1945 387 2007 P,
408 1948 472 2006 nor
507 1947 619 1999 annot.
646 1932 866 2024 improbatam
887 1933 1067 2026 Visseringi
1092 1931 1137 2001 de
1153 1931 1338 2000 basilica

255 2028 404 2098 Plautina
429 2030 622 2123 opinionem
649 2029 747 2098 rideo
774 2031 872 2097 etiam
897 2057 914 2098 a
940 2028 1089 2100 Beclsero
1114 2033 1226 2126 Antiq.
1245 2034 1338 2100 Rom.

255 2129 297 2210 Il,
310 2155 346 2222 p.
361 2131 433 2201 398
446 2129 548 2195 reiici.

350 2243 385 2304 ι),
406 2243 471 2302 210
493 2253 521 2292 v.
546 2229 570 2295 2
594 2223 775 2319 legendnm
802 2227 1048 2319 Fclgerungen
1074 2255 1137 2323 pro
1160 2229 1294 2321 Fclgen

352 2339 385 2401 P.
401 2340 473 2399 214.
484 2339 548 2398 ms
562 2349 637 2417 sqq.
665 2323 758 2416 quod
784 2343 872 2391 certa
896 2329 1145 2397 ratiocinatione
1165 2354 1240 2395 usus
1256 2354 1338 2396 con·

254 2424 348 2494 tendi
385 2442 480 2491 sexto
506 2423 548 2488 V.
572 2423 610 2490 C.
635 2422 768 2490 saeculo
790 2443 1070 2517 spectatores
1092 2429 1132 2494 in
1159 2429 1336 2496 theatro

254 2526 438 2592 stetisse
479 2540 534 2589 aut
566 2521 681 2590 saltem
713 2546 793 2589 non
828 2524 1089 2592 consedisse
1121 2528 1162 2592 in
1194 2526 1338 2620 gradi-

250 2626 337 2704 bus,
355 2624 386 2688 ei
404 2623 454 2689 rei
468 2647 569 2714 grave
584 2621 692 2688 liceto
707 2624 878 2689 Ciceronis
893 2622 936 2688 de
949 2625 1069 2693 anticit.
1084 2653 1110 2691 c.
1126 2629 1145 2694 7
1161 2651 1335 2717 arguamn-

252 2741 321 2788 tum
348 2721 484 2801 addere,
511 2721 568 2785 ubi
593 2718 696 2787 Laelii
722 2722 803 2788 baec
828 2738 905 2787 sunt
929 2724 1043 2789 verba:
1077 2721 1150 2821 Qui
1172 2725 1336 2790 clamores

253 2837 329 2887 tota
363 2843 467 2888 cavea
498 2824 535 2885 in
565 2818 705 2912 hospitis
741 2835 774 2884 et
796 2825 898 2886 antici
922 2827 990 2888 mei
1014 2825 1064 2890 M.
1088 2823 1220 2889 Pacuvi
1244 2846 1335 2888 nora

252 2917 387 3004 fabula,
419 2921 523 3011 quom'
546 2921 732 3009 ignorante
759 2942 854 3009 rega,
880 2935 957 2986 ater
978 2937 1066 2986 esset
1090 2923 1238 3000 Orestes,
1263 2923 1335 3012 Py-

255 3018 353 3085 lades
378 3019 535 3085 Orestem
568 3042 605 3082 se
638 3041 711 3082 esse
742 3016 880 3097 diceret,
913 3036 950 3084 ut
968 3044 1032 3111 pro
1058 3020 1116 3085 illa
1130 3038 1335 3096 necaretur,

256 3120 398 3185 Orestes
423 3132 550 3191 autem,
584 3122 634 3181 ita
666 3132 704 3181 ut
729 3112 817 3193 erat,
845 3120 1001 3184 Orestem
1025 3144 1061 3184 se
1087 3144 1159 3186 esse
1178 3144 1335 3212 perseve-

253 3233 359 3282 raret.
385 3215 413 3284 S
422 3229 575 3280 tantes
604 3214 817 3307 plaudebant
850 3221 887 3282 in
912 3241 951 3283 re
963 3217 1065 3310 ficta.
1117 3223 1209 3300 Quae
1234 3221 1336 3285 verba

251 3340 319 3382 non
344 3312 509 3381 mediocri
532 3330 566 3379 et
591 3317 725 3407 negotio
752 3333 785 3381 et
807 3313 913 3381 fraudi
935 3317 1070 3382 luerunt
1085 3318 1333 3410 interpretibus.

252 3418 336 3483 Nam
364 3438 437 3479 cum
465 3412 691 3504 praeiudicata
718 3415 875 3504 opinione
902 3416 963 3481 sibi
990 3418 1230 3508 persuasissent
1248 3441 1336 3509 gra-

253 3513 327 3579 dus
354 3509 585 3578 theatrales
611 3512 676 3576 iam'
689 3511 835 3580 Plautina
861 3532 968 3580 aetate
992 3516 1162 3597 exstitisse,
1184 3514 1220 3581 id
1242 3514 1334 3607 quod

253 3612 422 3704 aliquanto
462 3608 599 3676 calidius
636 3636 654 3676 e
695 3611 841 3705 prologis
868 3611 1067 3706 quibusdam
1094 3613 1334 3693 concluserant,

252 3726 429 3776 stantes
454 3733 590 3800 prorsas
616 3708 798 3776 insolenter
823 3713 1028 3804 interpretati
1051 3732 1127 3781 sunt
1151 3737 1337 3804 assurgen-

255 3827 325 3875 tes:
351 3825 507 3901 quantum
537 3808 673 3900 quidem
701 3833 719 3874 e
741 3809 778 3874 C.
796 3812 907 3876 Beieri
925 3812 1135 3878 annotatione
1157 3814 1336 3904 perspicio,

182 3952 186 3961 ι
256 3911 348 3977 cuius
374 3932 463 3973 nunc
487 3904 575 3973 solus
598 3910 631 3972 in
654 3927 811 4000 promptu
834 3928 884 3977 est
903 3913 1166 3977 commentarius.
1198 3913 1243 3978 At
1257 3933 1335 3977 vero

253 4007 503 4100 diligentissime
540 4023 573 4071 et
598 4006 774 4073 adrerum
798 4009 970 4075 veritatem
997 4008 1336 4078 accommodatissime

255 4108 376 4174 Cicero
404 4122 537 4170 stantes
572 4104 655 4173 dixit
687 4131 751 4199 pro
781 4107 1027 4198 spectantibus,
1054 4109 1225 4201 multoque
1250 4107 1334 4174 adeo

254 4208 379 4271 maiore
404 4207 486 4278 iure,
514 4230 611 4296 quam
638 4205 703 4273 hoc
730 4203 817 4286 loco,
839 4206 903 4273 illis
920 4211 1030 4300 potius
1051 4207 1225 4302 exemplis,
1250 4231 1335 4299 quae

255 4335 285 4396 p.
299 4313 416 4394 now)
435 4320 498 4376 216
518 4306 845 4371 commemoravimus
860 4305 994 4399 (quibus
1015 4307 1164 4400 quidem,
1187 4326 1222 4373 ut
1238 4307 1336 4371 etiam

256 4404 300 4470 de
337 4404 438 4470 divin.
458 4400 556 4480 Lab,
590 4402 633 4470 dc
665 4426 823 4470 consessu
852 4403 1027 4498 loquitur),
1060 4406 1169 4473 videri
1204 4421 1338 4498 poterat

256 4521 407 4595 tempora
439 4502 625 4570 miscuisse:
657 4504 684 4569 si
709 4503 808 4570 modo
834 4505 976 4572 miscere
1002 4523 1151 4598 tempora
1177 4503 1337 4572 dicendus

327 4705 352 4770 ⁶)
372 4700 419 4753 Vbi
442 4702 682 4764 nicosienses
702 4716 811 4754 erratum
830 4711 869 4756 est
887 4717 933 4771 pro
950 4703 1076 4758 Asconius
1086 4705 1124 4770 11,
1133 4705 1161 4756 8.
1175 4704 1217 4757 69.
