2820 5332
511 648 672 689 aniasnni
701 650 895 690 ativatuas.
1168 626 1238 698 545

159 812 290 880 modica
317 815 454 909 quidem
482 815 549 895 illa,
575 817 634 882 sed
661 834 771 883 tamen
799 816 1240 905 abhorrensasenariorum

158 934 493 1024 septenariosnmqne
532 934 702 997 severitate
743 957 780 998 ae
817 936 956 1024 propria
995 940 1242 1005 octona1·i0runt

160 1050 521 1142 anapaesticusumque.
555 1049 597 1112 Et
624 1049 687 1113 buc
715 1048 852 1139 quidem
877 1052 1242 1145 pertinetcorreptum

159 1193 187 1230 v.
215 1168 235 1231 5
269 1181 417 1230 extremo
449 1179 568 1254 atque,
607 1161 880 1256 bisyllabnmque
916 1191 945 1229 v.
973 1169 1019 1233 90
1040 1166 1139 1257 filio:
1178 1195 1241 1260 pro

162 1281 284 1371 quibus
311 1275 471 1370 perfacile
510 1277 616 1342 suerat
650 1279 848 1343 substituere
872 1295 905 1343 et
933 1299 965 1345 et
985 1298 1106 1369 gnate.
1158 1286 1243 1349 Poe-

163 1397 218 1461 tici
248 1412 354 1458 autem
390 1391 526 1456 dicendi
560 1394 695 1484 genesis
728 1396 834 1458 statim
861 1395 902 1458 ab
930 1395 1022 1461 initio
1051 1386 1243 1489 exemplum

161 1526 265 1573 exstat
291 1508 462 1581 aetherei,
494 1505 636 1597 palmari
660 1510 768 1574 Botliii
796 1510 986 1576 coniectura
1020 1536 1061 1577 ex
1088 1528 1122 1577 et
1149 1519 1247 1578 nerei

162 1643 308 1689 erutum:
341 1621 476 1715 quando
515 1625 544 1688 N
574 1639 607 1686 et
633 1623 660 1685 H
688 1625 722 1688 in
751 1624 922 1691 codicibus
956 1645 1020 1690 tam
1046 1632 1245 1723 suntpsimi-

159 1738 227 1819 les,
268 1759 302 1804 nt
334 1764 436 1830 saepe
464 1726 616 1830 dignosci
648 1764 786 1830 prorsus
811 1759 989 1834 nequeant,
1048 1742 1120 1809 Nec
1155 1769 1244 1812 nunc

159 1872 242 1946 puto
272 1879 365 1919 sunm
401 1852 484 1919 illud
517 1877 686 1944 aequoreo
713 1856 874 1945 Neptuno
909 1858 1069 1922 Antonius
1108 1860 1244 1927 Reinius

160 1995 252 2034 meus
280 1971 427 2047 tenebit,
465 1972 596 2051 Quaest.
623 1968 728 2038 Plaut.
754 1969 918 2056 (Cae-feld.
946 1999 973 2036 a.
1003 1970 1112 2055 1634)
1136 2000 1169 2066 p.
1200 1972 1244 2043 16

161 2087 380 2177 propositum.
408 2125 454 2139 -··
490 2085 573 2150 Item
601 2086 634 2149 in
661 2089 831 2178 poeticum
858 2109 963 2179 genus
991 2090 1146 2153 convenit
1170 2116 1199 2154 v.
1223 2092 1246 2157 2

160 2217 282 2290 gratas
307 2205 485 2294 gratisque
510 2199 639 2276 liabeo,
667 2201 834 2268 secundae
862 2203 932 2268 voci
956 2204 1139 2294 postposita
1165 2229 1244 2295 par-

164 2316 279 2384 ticula:
321 2317 412 2402 (nam
447 2316 565 2381 laudes
590 2335 712 2407 gratas
745 2343 823 2383 cave
853 2315 1063 2410 coniungas:)
1103 2321 1243 2410 propius

161 2434 250 2496 enim
276 2433 318 2496 ita
345 2431 387 2495 ad
410 2431 510 2496 iidem
529 2430 702 2510 librorum,
729 2431 764 2495 in
791 2432 911 2522 quibus
938 2450 987 2497 est
1012 2455 1080 2522 aga
1102 2448 1138 2497 et
1158 2458 1244 2522 gra-

159 2563 210 2612 tes
234 2551 433 2639 gratiasque
467 2545 586 2624 tabeo,
612 2546 747 2611 Bothius
774 2549 913 2612 accessit
938 2573 1037 2639 quam
1065 2547 1152 2614 hanc
1169 2573 1245 2613 ver·

160 2689 214 2730 sus
241 2663 380 2728 sunnam
399 2660 643 2728 commendans
663 2660 858 2728 Goellerns:
884 2657 1011 2728 Laetus
1028 2661 1146 2728 labem
1158 2664 1243 2729 ,tau-

160 2771 219 2842 de's
237 2802 316 2867 ago,
342 2782 518 2867 gratisque
535 2774 643 2842 liabeo
661 2793 783 2867 gratas
794 2771 962 2868 flactibus
978 2778 1109 2852 salsis,
1136 2804 1242 2871 quan-

162 2919 261 2986 quam
291 2911 325 2958 et
340 2891 508 2985 fluetibus
534 2917 600 2958 uon
639 2911 688 2956 est
720 2917 798 2957 sane
833 2891 939 2984 (quod
964 2891 1021 2958 ille
1054 2893 1241 2986 ignorabat)

160 3010 194 3073 iu
220 3006 383 3083 Palatinis,
410 3005 468 3072 sed
493 3032 511 3071 e
525 3004 704 3096 fluctibus.
739 3009 882 3071 Tantum
908 3025 1017 3072 autem
1039 3026 1131 3074 secte
1153 3026 1243 3073 uter-

161 3149 226 3215 que
252 3125 396 3189 sensisse
426 3121 567 3200 videtur,
592 3122 672 3187 ferri
699 3146 767 3187 non
792 3146 891 3212 posse
918 3124 959 3188 ab
979 3123 1170 3190 Hermanno
1187 3148 1243 3189 ra·
1299 3179 1303 3185 .

161 3259 295 3330 ceptum
312 3233 428 3303 laudes
453 3263 521 3329 ago
543 3228 585 3302 it
601 3243 712 3328 gratas
732 3239 855 3329 gra'tas
878 3237 1006 3303 habeo:
1031 3264 1241 3330 nequaquam

164 3356 252 3418 enim
274 3379 348 3420 cum
365 3372 521 3445 coneptu
535 3370 637 3446 atque
651 3353 716 3419 boc
732 3352 1003 3444 comparandum,
1031 3352 1122 3446 qnod
1137 3353 1239 3421 multo

162 3488 211 3535 est
238 3469 351 3536 durius
381 3489 413 3535 et
446 3468 497 3535 vel
525 3470 645 3535 horum
679 3493 831 3534 versuum
860 3466 1027 3543 licentiam
1062 3466 1238 3534 excedens.

163 3618 206 3630 ·-
240 3587 293 3651 Ab
322 3583 506 3650 eorundem
542 3585 697 3676 gravitate
722 3613 752 3651 v.
779 3584 801 3653 3
839 3584 998 3650 abhorret
1023 3581 1145 3648 levium
1169 3601 1240 3662 tro-

162 3699 341 3768 chaeosnm
373 3699 541 3766 lenissima
573 3699 787 3791 aequabilitas
821 3693 903 3791 qnds
922 3693 1028 3789 pette's
1054 3691 1120 3761 atei
1142 3693 1241 3789 pote'·

157 3832 250 3879 stas:
287 3834 493 3908 quapropter
528 3813 726 3881 servandum
742 3817 822 3900 fuit
855 3814 896 3877 ab
925 3812 1116 3877 Hermanno
1142 3809 1240 3876 addi·

159 3948 255 3995 tum·
274 3927 369 3994 idem
395 3948 504 3996 autem
531 3932 591 3996 etsi
618 3931 690 3997 sine
719 3952 831 3994 caussa
856 3925 939 4019 quid
964 3923 1140 3991 collocavit
1165 3943 1240 3990 ante

159 4045 258 4110 bonis
283 4048 375 4123 meis,
402 4063 509 4111 tamen
535 4044 632 4111 facile
657 4044 788 4109 dubites
813 4066 892 4105 num
912 4040 998 4106 sorte
1021 4058 1117 4107 recte
1144 4063 1239 4107 meae

159 4161 341 4237 deleverit,
374 4185 440 4253 quo
467 4163 587 4228 omisso
616 4179 648 4226 et
673 4160 796 4251 gratior
821 4157 895 4221 lieri
918 4159 1023 4223 oratio
1046 4153 1153 4222 videri
1178 4136 1264 4248 po}

161 4295 226 4342 test
250 4302 313 4342 nce
339 4300 397 4341 suo
424 4294 562 4343 accentu
578 4279 684 4364 foret
709 4289 816 4341 caret:
848 4266 946 4338 bdnis
973 4264 1055 4336 meis
1076 4269 1160 4365 quid
1171 4266 1239 4357 fd-

159 4407 212 4456 ret
238 4406 272 4456 et
296 4395 393 4456 vitae.
446 4388 700 4457 incredibiliter
727 4389 815 4454 hunc
841 4413 973 4454 versum
1000 4386 1136 4459 Bothius
1157 4410 1237 4477 per·

157 4508 264 4585 vertit,
291 4530 426 4598 prossus
453 4505 603 4597 neglecta
629 4506 791 4570 bonorum
818 4501 982 4584 librorum
1007 4502 1177 4579 memoria,
1204 4501 1239 4563 in

159 4623 278 4714 quibus
304 4621 387 4711 nihil
412 4620 656 4714 discrepantiae
693 4639 827 4713 praeter
864 4621 939 4710 Qud
970 4615 1035 4704 (vel
1065 4613 1145 4710 Qui)
1178 4638 1240 4704 pe-

998 4731 1043 4801 35
