2820 5332
451 666 615 710 rstrtvttstt
640 668 833 711 aniversae.
1101 646 1173 718 525

64 854 67 859 '
96 841 197 906 tuisse
224 856 300 931 post
325 833 472 927 exempli
506 838 854 903 commemorationem
877 836 920 905 ad
946 838 1056 908 locum
1082 865 1175 909 com-

95 954 231 1021 munem
258 978 325 1020 non
348 955 461 1044 inepte
488 949 610 1017 rediri:
648 968 769 1019 utnon
792 956 902 1044 potuit
922 955 987 1023 hoo
1011 957 1077 1022 nisi
1103 956 1175 1026 elo·

16 1138 19 1143 ,
96 1072 237 1138 cutionis
273 1093 399 1163 genero
438 1064 539 1161 longe
575 1068 784 1160 gravissimo,
820 1092 887 1161 quo
923 1069 1039 1137 fortius
1076 1074 1175 1140 etiam

96 1211 195 1277 quam
220 1187 261 1251 ab
288 1185 382 1251 initio
406 1184 454 1250 vis
480 1183 662 1250 sententiae
689 1182 869 1250 efferretur.
932 1186 1036 1278 Atqui
1061 1187 1176 1256 cluam

95 1303 246 1380 verbum,
271 1325 335 1393 per
359 1325 393 1365 se
419 1297 558 1391 quidem
584 1316 634 1364 sat
658 1324 755 1391 grave
781 1298 884 1380 illud,
907 1303 999 1392 prius
1025 1302 1090 1367 iam
1115 1301 1176 1369 ad·

46 1446 48 1450 ⁴
96 1433 186 1501 erat;
212 1417 383 1508 pertenuis
406 1433 457 1481 est
482 1431 516 1481 ot
541 1414 653 1494 exilis,
680 1440 761 1506 prae
788 1440 828 1482 eo
855 1415 948 1508 quod
973 1435 1043 1484 erat
1068 1421 1176 1483 victor

97 1535 271 1611 victorum,
294 1527 472 1622 probiores
498 1532 759 1621 comparativus;
783 1553 922 1622 prorsus
944 1530 1049 1598 inanis
1074 1533 1176 1598 inuti·

93 1645 169 1712 liter
194 1646 314 1713 inserta
336 1670 468 1738 semper
493 1644 622 1712 rocula.
684 1644 825 1729 Qualem
852 1646 1033 1714 verborum
1057 1647 1178 1713 ieiuni·

93 1781 192 1830 tatem
220 1786 293 1828 cum
318 1763 549 1854 cogitationum
572 1761 685 1854 iuopia
710 1763 917 1828 coniunctam
934 1763 1008 1854 quis
1023 1763 1174 1833 tribuere

94 1879 210 1946 Plauto
237 1878 382 1943 animum
407 1876 565 1943 inducat?
629 1878 745 1969 Apage
773 1877 872 1970 igitur
896 1879 1030 1944 nimiam
1057 1875 1175 1973 loqua-

96 1995 228 2058 citatem
254 1993 360 2058 istam.
414 1990 512 2074 Quod
540 1993 627 2057 enim
652 1993 825 2084 perbene,
862 1992 889 2057 si
914 2017 1071 2075 numeros
1095 2019 1176 2087 spe·

94 2127 181 2187 etas,
205 2107 309 2174 sactus
331 2125 380 2174 est
404 2106 604 2187 versiculus,
633 2131 674 2173 eo
701 2106 785 2173 nihil
810 2108 874 2173 nisi
901 2126 935 2175 et
960 2125 1102 2176 vetustas
1124 2112 1175 2174 iu-

94 2221 323 2314 ter-polationis
351 2239 385 2288 et
412 2224 605 2291 exercitatio
630 2220 882 2316 interpolatoris
904 2223 1069 2316 quaedam
1095 2247 1176 2317 pro-

91 2339 198 2405 batur.
259 2342 343 2407 Nam
367 2341 402 2406 in
424 2356 512 2406 tanta
538 2341 775 2409 verborum
800 2339 1018 2409 similitudine
1044 2343 1173 2434 repeti·
1208 2360 1211 2366 ’

92 2470 143 2519 tac
169 2458 353 2522 sententiae
380 2458 433 2522 vix
460 2458 631 2546 cogitarim
656 2455 700 2522 de
735 2454 799 2520 alia
825 2480 937 2523 caussa
962 2455 1175 2549 depravatio·

90 2572 152 2648 nis,
177 2595 261 2663 quae
287 2569 449 2636 similibus
474 2570 557 2637 alius
583 2570 634 2637 vel
660 2569 792 2636 fabulae
818 2572 870 2642 ael
894 2590 1014 2664 poetae
1038 2591 1176 2641 senteu-

90 2687 143 2751 tiis
167 2689 202 2750 in
227 2689 375 2780 margine
403 2687 588 2780 appositis,
629 2704 706 2779 post
742 2705 853 2755 autem
883 2687 918 2761 iu
952 2689 1175 2781 genuinorum

90 2804 351 2894 perpetuitatem
378 2802 463 2870 forte
491 2800 616 2895 illapsis
640 2804 837 2869 continetur.
902 2804 1004 2870 Cuius
1040 2803 1175 2895 generis

91 2918 125 2981 in
151 2916 308 2983 Plautinis
329 2916 424 2984 libris
451 2919 632 2985 certissima
660 2917 825 3010 quaedam
848 2943 954 3012 eaque
981 2917 1079 2985 valde
1102 2944 1174 2986 me·

91 3032 264 3098 morabilia
291 3033 445 3126 exempla
468 3050 609 3113 exstant,
637 3032 679 3100 de
705 3034 827 3126 quibus
845 3057 906 3101 suo
930 3032 1008 3102 loco
1032 3033 1173 3102 dicetur.

604 3295 662 3365 IV.

208 3496 303 3563 Trio.
333 3491 429 3574 11‚4,
456 3494 607 3586 ‘bbsqqa

187 3636 242 3682 sr.
268 3612 302 3679 Τ
298 3603 475 3702 rapezt'tae
500 3608 590 3674 milla
614 3606 879 3674 drdcbttmarum
905 3600 1130 3700 Oly'mpicttm,

193 3729 288 3819 Quas
311 3720 354 3792 ἀὲ
381 3727 518 3791 ratione
543 3719 699 3802 dbbuisti,
727 3719 897 3790 re'dditae.

116 3844 164 3912 25
190 3865 244 3909 ιε.
267 3845 396 3935 Nempe
430 3839 516 3933 pods
549 3839 726 3932 spopondi.
776 3860 833 3905 rr.
870 3829 970 3902 immd
995 3859 1079 3929 quas
1112 3832 1171 3901 da-

671 3952 791 4046 pendi,
819 3946 970 4043 inquito:

194 4075 289 4164 Quas
312 4071 495 4166 spo'nsions
515 4067 690 4165 pro'nuper
715 4085 752 4135 tu
778 4066 920 4134 exdctus
944 4090 981 4133 es

184 4190 256 4256 Pro
283 4189 339 4255 illa
364 4189 593 4266 adulescente,
618 4180 716 4279 pue'm
741 4200 777 4250 tu
796 4206 868 4249 essa
893 4177 991 4248 aibas
1018 4181 1168 4250 divitem.

212 4307 258 4373 Vt
282 4329 413 4371 rursum
438 4332 456 4371 a
481 4303 664 4371 levioribus
686 4301 860 4394 incipiam,
893 4322 967 4366 esse
988 4299 1084 4366 aibas
1104 4323 1168 4401 ppo

90 4420 208 4488 aiebas
231 4445 304 4487 esse
326 4421 367 4486 ab
392 4421 583 4487 Hermanno
609 4419 795 4510 repositum
820 4439 911 4483 nunc
931 4416 1168 4484 Ambrosianus

87 4539 205 4604 firmat.
257 4538 295 4602 ln
332 4535 454 4603 eodem
479 4534 567 4602 libro
592 4532 706 4627 paullo
729 4535 832 4600 maius
860 4533 1002 4626 spatium
1028 4555 1168 4599 conces-

88 4681 161 4724 sum
186 4672 238 4724 est
263 4653 374 4725 versui
394 4651 442 4722 24
466 4651 602 4735 medio,
628 4675 728 4743 qoam
752 4649 806 4721 cui
831 4645 999 4744 explendo
1020 4645 1167 4743 quinde-
