2820 5332
402 702 422 741 r.
448 701 490 742 nn
517 701 633 743 etsvrt
662 700 790 745 roseln
815 703 1005 748 noutntsrs.
1210 688 1251 754 ll

158 873 210 957 (ut
226 873 353 940 mittam
372 871 615 964 aliquantisper
632 876 741 965 ipsum
764 874 902 960 Attium)
926 879 1136 946 Varronis
1152 881 1257 948 verba

160 985 205 1052 ‹le
230 985 310 1080 ling.
336 984 395 1054 lat.
420 988 480 1067 Vl,
506 1013 540 1078 p.
567 986 639 1055 ‘266
667 988 723 1055 ed.
751 989 877 1081 Speng.
909 991 951 1078 (S
978 993 1026 1063 89
1049 992 1102 1062 ed.
1126 993 1258 1079 Muell.)

160 1101 428 1169 conformat-unt:
468 1097 662 1169 Ascensum
687 1103 824 1170 solitum
845 1108 936 1171 ciere
960 1103 1109 1172 Boeotia
1132 1124 1252 1174 osten-

158 1215 222 1295 dit,
247 1240 352 1306 qurum
372 1216 583 1282 comoediam
608 1216 645 1285 A
650 1218 785 1308 quilii
808 1243 881 1285 esse
904 1219 1033 1298 dietant,
1087 1223 1143 1289 Sic
1167 1226 1256 1290 enirn

158 1357 222 1424 pro
251 1357 294 1399 eo
321 1330 416 1424 quotl
444 1331 581 1400 codices
605 1357 721 1400 omnes
753 1351 888 1413 tenent,
923 1336 1027 1410 alii,
1065 1362 1141 1402 oum
1167 1341 1257 1403 Tur.

158 1449 248 1514 nebo
274 1449 464 1515 Gronovius
486 1466 599 1516 annot
625 1449 659 1512 in
686 1447 773 1515 Gell.
800 1475 835 1540 p·
863 1447 946 1531 214,
973 1476 1056 1543 quos
1075 1453 1258 1519 stBothius

158 1564 292 1657 Fragm.
316 1565 433 1635 comio.
460 1589 493 1654 p.
521 1564 567 1633 37
596 1581 629 1629 et
654 1562 844 1631 Muellerus
870 1583 1002 1633 secutus
1026 1584 1091 1633 est:
1119 1584 1257 1636 nonest

158 1695 292 1745 secutus
320 1676 532 1771 Spengelius.
584 1680 647 1744 Hic
673 1695 782 1744 autem
817 1705 891 1747 cum
918 1684 1128 1773 propositum
1152 1709 1170 1747 a
1197 1707 1257 1746 uo-

159 1794 229 1858 seio
257 1815 325 1883 quo
352 1790 443 1883 sputi
469 1792 544 1859 Ant
571 1793 791 1885 Augustinnm
815 1792 866 1866 M.
893 1792 994 1861 Accii
1018 1796 1063 1881 (h.
1086 1822 1114 1864 e.
1132 1794 1256 1877 Plauti)

159 1931 282 1973 nomen
309 1904 418 1972 solum
446 1932 653 1974 essenorum
678 1906 771 1985 dixit,
804 1909 1076 1977 nee-litterarum
1104 1909 1256 1976 similitu.

160 2020 273 2086 dinem
299 2020 482 2087 admodum
512 2025 651 2101 ornavit,
690 2049 752 2091 neo
788 2025 831 2091 de
858 2028 1020 2093 constanti
1046 2027 1080 2090 in
1107 2026 1172 2092 hoe
1197 2050 1257 2117 go-

159 2161 244 2203 uere
272 2135 517 2204 consuetudine
541 2139 703 2204 Varronis
731 2142 892 2232 cogitavit,
923 2167 1025 2231 quem
1051 2143 1086 2204 in
1112 2139 1254 2206 afferen-

160 2249 211 2315 dis
239 2251 437 2318 testimoniis
468 2252 628 2322 Plautum
662 2253 791 2333 solere,
825 2279 892 2321 non
918 2253 967 2323 M.
994 2251 1128 2323 Attium
1154 2255 1255 2320 citare

160 2382 251 2435 recte
291 2364 479 2457 Madvigius
510 2366 637 2458 Opusc.
683 2368 774 2433 acad.
812 2394 846 2461 p.
882 2369 930 2439 95
958 2387 1070 2437 annot
1106 2369 1255 2450 monuit3

160 2496 339 2571 praeterea
366 2497 477 2548 sutem
500 2483 671 2549 Boeotiam
699 2483 820 2554 oblitus
849 2503 900 2551 est
926 2482 1073 2550 sGellio
1098 2485 1255 2551 intercus

160 2592 456 2678 snbulnsroserri‚
491 2621 576 2688 quae
612 2624 687 2665 enm
722 2623 804 2666 non
829 2600 996 2666 communi
1024 2621 1187 2666 oousensu
1210 2593 1255 2663 sd

159 2709 314 2777 Plautum
338 2711 552 2791 reserrentur,
580 2714 657 2782 huie
684 2713 822 2807 quidem
848 2717 890 2783 ab
917 2717 991 2806 ipso
1005 2713 1255 2782 vindicarentur

160 2826 331 2896 Varrone:
354 2843 401 2905 ut,
427 2828 455 2895 si
481 2852 555 2893 cum
581 2830 628 2895 itt.
653 2830 732 2896 Attii
759 2832 896 2896 nomine
923 2828 1015 2894 idem
1028 2827 1139 2901 Varro
1164 2823 1255 2893 iuli.

160 2941 230 3006 bris
257 2938 302 3006 de
327 2939 351 3009 l.
377 2939 431 3009 lat.
454 2944 582 3009 sociare
608 2945 778 3010 Boeotium
807 2941 951 3012 subulam
977 2939 1145 3019 voluisset,
1173 2961 1256 3009 cotta

162 3056 351 3126 venientius
385 3080 444 3122 suo
480 3057 586 3148 ipsius
620 3059 730 3125 sensui
762 3055 812 3132 M.
835 3055 928 3124 Attii
951 3081 1024 3127 esse
1049 3057 1126 3123 dieo
1154 3080 1256 3147 quotu

161 3169 282 3237 dicum
308 3173 508 3262 scripsisset.
558 3176 610 3240 De
638 3177 685 3240 Μ.
711 3174 810 3266 igitur
837 3175 926 3240 Attio
959 3193 1068 3239 netum
1094 3196 1166 3237 esse
1192 3194 1257 3260 pu·

164 3303 285 3353 tamus:
329 3285 491 3378 scaligeri
526 3289 718 3355 coniectura
752 3286 858 3356 Aelii
877 3311 997 3378 magno
1031 3287 1101 3353 viro
1126 3285 1271 3379 corilo-¹

162 3399 273 3471 nanda
297 3419 367 3467 ests
398 3420 513 3468 eontra
539 3421 656 3495 suapte
683 3422 801 3469 natura
827 3404 1018 3492 ambiguum
1045 3417 1096 3466 est
1120 3397 1164 3467 de
1188 3395 1257 3467 At-

162 3516 234 3581 tt'lt'i
261 3517 399 3583 nomine
436 3515 618 3598 iudicium,
654 3517 746 3610 quod
782 3521 950 3611 uPopma
986 3513 1256 3583 commendatum

162 3631 301 3696 Ossnno
331 3629 428 3695 Anal.
460 3633 533 3704 crit,
571 3657 604 3722 μ
635 3637 704 3702 153
738 3650 771 3698 et
795 3631 964 3723 Madvigio
996 3630 1136 3721 plneuits
1171 3647 1254 3721 puto

162 3742 256 3835 qnod
290 3769 371 3811 sane
412 3762 446 3810 et
480 3748 620 3840 propius
656 3745 699 3813 ud
729 3746 792 3813 alit
815 3748 1013 3840 scripturam
1040 3745 1131 3814 acilii
1155 3769 1256 3837 quam

161 3858 283 3953 aquilii
308 3859 413 3927 forma
439 3860 583 3940 accedit,
611 3880 644 3928 et
669 3863 703 3928 in
730 3863 835 3954 ignoti
860 3861 971 3931 locum
994 3880 1092 3929 notus
1115 3856 1254 3952 poeta*)

162 3973 225 4041 hae
246 3975 379 4040 rationo
403 3976 622 4045 substituitur.
673 3975 766 4041 Nihil
802 3992 911 4042 umen
943 3974 1131 4043 decernere
1158 3971 1255 4040 Wei-

163 4088 300 4157 ulaertus
325 4113 422 4157 ausus
448 4092 538 4157 Poet.
564 4089 619 4159 int
644 4090 744 4189 reliq.
771 4117 806 4187 p.
837 4090 921 4163 141:
957 4115 1020 4158 neo
1050 4074 1149 4184 posse
1178 4110 1254 4153 cum

196 4338 223 4402 ·)
249 4332 372 4385 romae
399 4348 452 4385 aon
479 4333 597 4386 divorsas
614 4335 647 4384 ab
665 4335 694 4385 t.
714 4334 804 4386 attilio
824 4333 991 4386 honestius
1009 4329 1152 4383 fabularum
1167 4339 1256 4383 actore

251 4418 470 4476 Terentianaruu.
493 4449 525 4463 -
545 4419 666 4471 Ceterum
686 4421 762 4471 otiam
785 4419 852 4489 opud
873 4418 1027 4470 Euanthium
1045 4416 1078 4469 do
1098 4415 1148 4467 lab.
1170 4432 1194 4484 p.
1206 4415 1259 4468 tvt

249 4504 333 4557 west.
351 4504 437 4559 Attils'i
454 4520 548 4560 nornen
566 4508 648 4559 risum
667 4513 707 4556 eat
727 4504 865 4559 wolcksro
900 4507 933 4556 ds
951 4514 1017 4571 trag.
1036 4503 1076 4558 Gr.
1097 4518 1121 4570 p.
1142 4501 1209 4554 1³96
1231 4503 1257 4553 in

231 4589 320 4643 'Attio
338 4593 466 4658 scriptura
486 4592 577 4655 intere,
602 4608 633 4643 ex
654 4593 717 4644 Atta
733 4595 817 4658 potius
836 4601 891 4644 orto
911 4594 933 4643 si
955 4590 1138 4644 lisultirehiuu
1155 4589 1188 4641 ts
1205 4588 1256 4643 tib.

253 4686 305 4746 tog.
324 4695 348 4751 p.
371 4682 419 4735 tto
438 4680 554 4736 eudimus
600 4680 644 4733 liis
659 4681 746 4741 affinia
767 4679 871 4746 unslet
891 4681 1061 4733 Weiolsertus.
