2820 5332
438 632 578 687 innuite
606 641 847 687 tunuurtsnsu.
1108 618 1180 689 599

223 810 351 883 Se'cede
377 815 458 887 illuc
480 813 739 907 aliquantisper.

609 950 695 1001 cnr.
729 923 838 1011 Deire,
862 953 1003 1022 sequere
1029 954 1081 996 me
1105 929 1179 999 lra’c.

953 1067 1011 1118 uA·
1038 1047 1179 1141 Sequor.

394 1156 554 1231 ACTVS
576 1161 620 1231 V.
642 1158 802 1228 SCENA
825 1160 912 1228 VII.

133 1298 188 1345 ΡΑ.
216 1278 267 1348 Te
287 1271 541 1370 imputabam:
567 1292 618 1345 est
643 1271 685 1343 de·
708 1291 768 1340 tua
793 1300 844 1351 re,
870 1269 961 1368 qttid
986 1298 1091 1366 agere
1114 1299 1180 1365 ege

690 1385 799 1462 tectim
823 1391 907 1461 vele.

97 1510 193 1592 Quae
218 1509 244 1574 si
270 1504 495 1601 probabiliter
526 1504 782 1598 disputavimus,
822 1506 944 1572 Donati
976 1507 1181 1573 annotationi

97 1623 263 1694 lemmatis
289 1622 364 1689 loco
390 1644 456 1713 pro
479 1622 548 1690 istis
576 1640 615 1688 tu
641 1622 742 1693 Dare
765 1619 824 1690 ali
847 1621 983 1687 demum
1011 1623 1093 1688 haec
1119 1645 1182 1713 po-

97 1743 161 1808 tius
186 1735 428 1832 praeponenda
453 1736 593 1806 inerint:
619 1741 767 1807 Memini
790 1755 893 1831 atque
916 1736 1004 1804 adeo
1024 1753 1061 1805 ut
1080 1738 1177 1804 volui.

100 1854 176 1920 Nou
201 1854 303 1946 magis
328 1866 438 1920 autem
463 1850 579 1919 iufinc'
602 1853 766 1945 integrum
793 1876 865 1918 csse
889 1851 975 1918 huuc
1001 1871 1180 1918 extremum

98 1990 230 2033 scenam
252 1981 434 2058 propterea
458 1967 652 2057 suspicere,
682 1965 776 2060 quod
797 1967 951 2033 usitatum
978 1989 1020 2032 eo
1044 1966 1079 2032 iu
1103 1964 1179 2033 loco
1265 1996 1269 2005 ·

99 2079 263 2150 Plaudite
286 2079 509 2149 desideratur.
546 2080 662 2174 ltaque
688 2081 828 2148 fortasse
855 2079 924 2148 illic
953 2104 1091 2173 quoquc
1119 2077 1179 2145 eli·

97 2196 180 2289 quid
205 2194 337 2277 excidit,
365 2194 458 2288 quod
485 2195 622 2289 quidem
646 2199 764 2265 nescio
788 2222 832 2266 un
852 2220 922 2264 uno
945 2195 1078 2265 adiecto
1102 2221 1181 2262 ver·

95 2311 206 2383 'siculo
230 2313 426 2405 recuperari
451 2330 567 2404 queat:

196 2429 347 2497 onrem
373 2441 407 2490 et
432 2424 524 2492 detis
548 2451 611 2492 ser
638 2425 771 2492 talenta
794 2424 958 2517 spondeo.

195 2541 336 2633 Agatur
361 2546 467 2616 intus,
491 2545 523 2609 si
546 2539 629 2631 quid
654 2558 767 2609 restet.
794 2562 822 2607 et
840 2539 1015 2612 Plaudite.

99 2659 253 2727 Ceterum
288 2659 452 2724 Donatum
487 2655 661 2725 sciendum
699 2676 769 2737 est,
805 2659 936 2727 temetsi
968 2657 1029 2723 hes
1064 2680 1178 2723 omnes

95 2794 213 2840 versus
251 2788 375 2840 tuntum
407 2797 426 2842 c
456 2770 611 2864 pluribus
649 2770 894 2864 exemplaribus
928 2772 1027 2839 bonis
1063 2772 1178 2837 abesse

98 2887 188 2969 dicit,
214 2889 383 2955 tamenin
410 2911 467 2953 ens
494 2886 576 2953 nihil
604 2899 861 2956 commentatum
879 2913 961 2968 csse,
986 2884 1049 2954 scd
1070 2884 1179 2953 solum

96 3026 169 3068 csse
194 3001 335 3071 alterum
360 3002 490 3071 fabulae
517 3003 640 3071 exitum
666 3002 933 3094 interpretatum.
979 2999 1091 3086 Quod·
1105 3003 1180 3092 qui·

97 3117 178 3205 dem
203 3116 382 3210 diligenter
405 3117 557 3210 exposuit
584 3118 777 3185 (irruemus.
829 3120 960 3186 Etenim
992 3115 1035 3183 sd
1070 3134 1180 3182 extre·

97 3255 172 3300 tuac
199 3256 317 3298 scenae
343 3258 371 3299 r.
401 3233 444 3300 13
468 3232 552 3300 hoec
583 3249 709 3299 exstant
739 3250 906 3299 annotate:
943 3229 1059 3323 Atque
1088 3229 1179 3295 erice

96 3348 237 3439 longam
266 3365 318 3415 est
342 3372 406 3415 aar
438 3349 532 3419 illum
558 3343 774 3440 exspectare]
822 3349 913 3440 Quia
941 3336 1108 3415 aridacter
1141 3363 1175 3416 et

98 3464 285 3554 artificiose
307 3465 406 3533 lines
430 3489 565 3532 amores
595 3464 738 3536 duorum
765 3464 1033 3531 adulescentiam
1059 3479 1094 3532 et
1123 3462 1175 3530 bi-

97 3605 161 3648 nas
185 3584 324 3673 nuptias
345 3585 383 3647 in
409 3606 479 3650 aaa
493 3579 626 3668 fabula
650 3581 865 3650 ntacltinatas
890 3597 962 3646 est:
995 3596 1029 3645 et
1054 3568 1102 3646 ut'
1116 3603 1177 3644 nn-

97 3711 153 3763 tra
174 3700 421 3788 praescriptum
446 3693 652 3771 Menandri,
676 3700 769 3764 cuins
787 3695 997 3761 concordiam
1021 3696 1177 3779 transfe-

96 3810 211 3881 rebat:
251 3819 372 3880 iccirco
395 3811 492 3883 eliud
516 3817 553 3879 ia
580 3814 786 3906 proscenio,
821 3808 918 3878 alind
939 3824 1017 3899 post
1039 3832 1178 3881 scenam

96 3932 230 3999 retulit:
269 3955 313 3997 ne
351 3934 404 3998 vel
441 3937 529 3999 iusto
561 3932 700 4020 longior
715 3928 826 4022 fieret
859 3924 1024 4014 (subula),
1056 3927 1109 3994 uel
1139 3933 1178 3997 irt

95 4045 239 4115 eandem
273 4043 560 4141 [καταστροφὴν
590 4045 665 4114 bini
693 4039 842 4131 cineres]
880 4058 1026 4134 prepter·
1062 4066 1178 4107 rerum

95 4160 352 4230 similitudinem
377 4179 596 4254 cogerentur.
656 4162 696 4226 Iu
734 4161 858 4254 quibus
881 4158 945 4239 ,rel
969 4162 1006 4228 in
1032 4157 1178 4228 euntem

98 4281 337 4345 narrationem
367 4295 510 4369 propter
547 4300 661 4344 rernm
701 4273 959 4343 similitudinem
996 4291 1181 4364 cogeretur

95 4393 197 4461 scribi
221 4392 314 4460 iussit
338 4392 535 4462 Grunertus:
574 4417 694 4487 parum
714 4391 800 4460 illud
824 4388 1060 4486 lnohuhiliter.
1107 4393 1177 4462 Nos

97 4504 367 4602 καταστροφὴν
385 4508 558 4600 Schopcni
572 4511 678 4576 nostri
693 4511 906 4577 coniecturae
919 4507 1093 4587 dehemus,
1118 4504 1179 4574 sea

98 4619 291 4691 addendum
318 4622 391 4691 bini
415 4646 548 4692 auteres
574 4625 829 4718 putarimus-
851 4627 1030 4693 Praeterea
1054 4617 1177 4691 eodem
