2820 5332
155 714 226 785 634
607 736 778 777 sorssors.

154 903 221 971 quod
256 901 322 952 alter
353 907 428 966 pocta
463 899 555 950 luisset
581 901 685 950 nomine
712 899 839 961 Plancius,
869 899 942 950 cuins
969 896 1068 949 tabulas
1099 896 1248 964 posteritas

154 990 243 1043 Plauto
261 988 403 1054 inscripsit,
422 986 530 1053 decepta
549 988 681 1038 vicinitate
701 986 811 1037 nominis
831 985 951 1054 quodque
970 986 1052 1038 Plauti
1073 988 1165 1054 esse⁵J
1189 999 1247 1051 pn-

155 1085 228 1127 tarct.
262 1075 392 1136 Alterum,
417 1073 487 1140 qnod
504 1073 608 1124 Plautus
626 1074 783 1136 retractauit,
807 1075 938 1139 purgarit,
963 1072 1072 1123 elimarit
1092 1070 1248 1121 comoedias

156 1162 265 1224 multus,
295 1176 362 1229 quae
389 1177 404 1211 a
432 1161 559 1228 prioribus
587 1161 642 1211 siue
670 1160 759 1227 lepore
777 1162 888 1226 scriptae
907 1160 1068 1211 haberentur.
1100 1158 1249 1226 proindea

155 1251 265 1317 posteris
287 1248 427 1310 creditum,
449 1262 537 1298 omues
554 1246 636 1299 Plauti
657 1263 732 1311 csse,
753 1262 819 1314 quse
839 1247 870 1298 ad
891 1247 996 1298 facetias
1014 1246 1144 1299 Plautinae
1163 1261 1247 1313 sape-

155 1345 212 1389 rent
241 1345 284 1387 aut
314 1335 417 1388 Plancio
447 1335 550 1386 inscribi
578 1335 708 1386 deberent.
757 1336 836 1386 Varro
865 1344 947 1386 autern
968 1335 1107 1386 litterarum
1129 1334 1249 1385 omnium

155 1427 373 1491 maximarumque
394 1438 477 1475 rerum
509 1424 678 1489 peritissimus
697 1439 728 1472 ex
750 1423 868 1473 nurrribus
887 1439 961 1473 uuuru
982 1431 1007 1473 et
1025 1422 1114 1489 uiginti
1135 1421 1248 1488 delegit,

155 1528 221 1581 qnae
246 1512 370 1562 dubiosae
388 1492 450 1561 nulli
471 1519 575 1573 esseut,
600 1510 646 1560 sed
674 1509 763 1561 Plauto
783 1526 910 1560 consensu
928 1512 1038 1560 omniurn
1058 1510 1248 1560 convenirent:

154 1602 218 1651 alias
243 1601 303 1649 itcru
332 1595 486 1660 nnrruullus‚
520 1612 587 1664 qnae
614 1605 658 1647 aut
675 1598 731 1647 sine
750 1605 821 1647 certo
840 1598 936 1647 autoris
956 1597 1059 1647 nornine
1077 1604 1248 1662 vagarentur,

154 1695 198 1738 aut
222 1684 288 1737 lalsn
311 1700 326 1735 a
346 1683 496 1752 quibusdam
525 1693 728 1750 occuparentur,
756 1683 846 1735 l‘lauto
873 1682 954 1734 ueluti
980 1699 1067 1734 earum
1096 1685 1248 1734 certissimo

156 1775 273 1841 scriptori
299 1781 326 1823 ct
343 1771 445 1822 domiuo
472 1772 628 1833 vendicavit,
645 1771 767 1821 adductus
787 1770 846 1822 stilo
865 1779 891 1820 et
910 1770 1158 1834 lucetiuserntouis,
1185 1773 1250 1839 qui-

157 1861 205 1912 bns
223 1860 337 1912 Plautum
360 1874 452 1925 supere
470 1857 560 1924 procul
581 1857 659 1907 dubio
676 1859 834 1909 viderentur,¹
868 1858 922 1908 llae
940 1859 1145 1925 Varr·nnianae⁶)
1164 1873 1252 1909 roca-

157 1958 199 1999 tae
219 1955 295 2011 sunt,
323 1946 390 2013 quod
409 1947 489 1996 Varro
515 1962 558 1995 eas
576 1944 718 2012 delegisset
737 1943 853 2012 nihilque
871 1960 922 1995 non
945 1943 1025 1996 Plauti
1046 1943 1142 1994 habere
1162 1945 1251 1996 ‹lixis-

158 2043 205 2088 set.
244 2033 386 2085 llacrobius
408 2035 502 2094 etiam,
521 2034 636 2099 queuntis
654 2034 751 2096 irruinr,
769 2033 858 2083 doctus
876 2042 959 2083 tarneu
980 2042 1006 2084 et
1023 2049 1072 2082 nnn
1096 2033 1251 2099 negligendi

162 2122 248 2172 iudicii
266 2122 321 2184 uir,
351 2123 375 2170 iu
395 2119 569 2172 Saturnalibus
593 2122 675 2187 inquit
695 2120 840 2170 comoedias
860 2120 958 2183 t‘tnuu,
989 2136 1055 2188 qnae
1074 2123 1189 2171 incertae
1210 2122 1254 2171 fe·

157 2210 296 2272 rebantur,
323 2224 354 2258 eo
382 2212 516 2276 mortrrot)
546 2206 723 2274 cognitas‘de
751 2210 824 2274 copia
844 2210 957 2259 iocorum
979 2225 1045 2259 esse.
1077 2209 1161 2260 iuerat
1179 2212 1251 2260 enirn

159 2295 249 2347 l'latrto
268 2296 316 2344 ista
334 2295 360 2345 iu
379 2310 407 2344 re
428 2294 512 2361 liquor
533 2295 634 2361 quidam
654 2297 827 2361 praecipuus,
848 2295 965 2358 intectus,
982 2297 1084 2362 suauis,
1103 2303 1182 2362 atque
1203 2311 1255 2348 co·

160 2382 252 2432 moedn
272 2383 370 2448 'generi
410 2382 542 2447 aptissima
569 2381 655 2433 dictio.
691 2382 856 2448 quamobrem
883 2385 1010 2433 sententia
1035 2385 1160 2434 Varronis
1191 2383 1257 2456 init,

158 2471 243 2522 ldusas
270 2469 375 2521 Castalii
395 2469 473 2520 loutis
494 2469 643 2536 loquuturus
664 2469 720 2520 lore
739 2470 854 2521 Plautino
874 2487 1010 2533 serruone,
1035 2473 1055 2522 si
1075 2469 1146 2538 loqui
1167 2469 1253 2523 latine

158 2557 310 2608 voluissent.
342 2566 368 2607 ct
395 2557 461 2623 apurl
489 2557 639 2607 Ciceronem
667 2566 762 2608 tautrrur
790 2558 871 2607 laudis
900 2568 1033 2609 assecutus
1055 2568 1110 2621 est,
1130 2569 1158 2608 ut
1179 2558 1253 2610 dicat

160 2645 306 2695 comoedias
332 2647 387 2695 eins
405 2641 471 2694 iocis
489 2644 596 2711 plenas,
627 2661 676 2694 unu
698 2645 799 2712 qnirleru
819 2644 918 2712 lris'qui
942 2645 1066 2708 obsceni,
1092 2644 1258 2720 petulantes,

159 2732 279 2799 flagitiosi
297 2734 356 2794 sint,
374 2747 464 2782 verum
485 2731 587 2794 urbani,
608 2733 754 2799 ingeniosi,
774 2734 860 2784 laccti.
898 2733 963 2795 Quid
991 2742 1074 2784 auteur
1093 2734 1126 2783 de
1145 2751 1174 2784 se
1197 2736 1256 2802 ipse

160 2818 285 2869 iudicaret
304 2818 424 2881 Plautus,
444 2819 520 2869 <locet
541 2821 695 2885 epigramma
714 2837 804 2883 suurn,
832 2820 898 2887 qnod
920 2837 933 2870 a
953 2837 982 2870 se
1003 2821 1095 2870 luctum
1117 2820 1257 2873 relictum-

160 2923 211 2973 que
229 2905 365 2972 sepulclrrn
384 2923 432 2957 suo
451 2906 612 2957 incideurlunr
635 2908 715 2957 Varro
733 2908 829 2958 scribit.
852 2907 879 2958 ld
900 2917 950 2958 est:
971 2911 1107 2976 Postquam
1120 2918 1257 2961 estmnrte

165 3000 255 3059 ruptus
282 2993 401 3056 Plautus,
419 2992 551 3043 comoedia
573 2993 652 3060 luget,
673 2995 754 3045 Sccna
776 3004 814 3044 est
832 2994 941 3057 deserta,
969 2995 1062 3046 deinde
1081 2997 1157 3058 risus,
1176 2996 1256 3049 ludus

166 3082 290 3147 'rocnsqne
325 3079 356 3131 Et
384 3083 481 3130 numeri
503 3083 627 3131 iuuurueri
655 3082 729 3132 simul
754 3098 842 3132 onrues
872 3082 1084 3134 collacrimnruut.
1134 3087 1257 3155 lienique

162 3168 319 3234 perquirenti
339 3168 398 3218 milri
418 3170 531 3234 saepius,
549 3186 593 3218 cnr
611 3171 667 3219 sine
685 3178 755 3219 certo
774 3171 869 3220 autoris
891 3173 993 3220 nomine
1014 3171 1163 3223 couroediae
1184 3173 1258 3225 ullae

162 3263 336 3322 vagarentur,
356 3257 417 3305 satis
436 3255 540 3305 multum
560 3272 647 3322 parurn
666 3256 777 3319 faciunt,
798 3259 840 3324 qni
860 3258 971 3309 arbitrati
993 3267 1051 3308 surrt
1069 3258 1187 3311 l‘lautuur
1210 3279 1256 3312 so-

168 3342 238 3392 litum
259 3343 424 3405 comoedias,
445 3359 507 3410 qnae
528 3345 669 3406 scriberet,
701 3346 757 3394 siue
776 3346 877 3395 nomine
896 3347 921 3394 iu
942 3346 1070 3411 publicum
1090 3346 1185 3409 edere,
1208 3349 1258 3400 bac

164 3430 265 3480 ductum
293 3446 354 3496 spe,
383 3430 450 3497 quod
476 3430 605 3498 elegantia
635 3432 758 3498 singulari
783 3441 809 3482 et
836 3434 936 3482 lucetiis
959 3443 1180 3500 cognoscerentur
1200 3453 1258 3487 sua.

168 3519 261 3567 Verius
289 3518 405 3569 nonnulli
429 3523 518 3584 pectant
549 3519 598 3568 hoc
618 3518 649 3568 alr
678 3535 709 3569 co
730 3535 775 3586 pro
797 3519 920 3569 modestia
939 3520 1045 3588 quadum
1066 3530 1090 3570 et
1110 3521 1258 3574 lrrrurilitate

165 3606 276 3666 lactum,
296 3606 363 3672 qnod
382 3607 572 3672 inscriptionem
592 3606 649 3672 plus
669 3608 847 3658 ostentationis
870 3625 944 3677 quam
964 3608 1045 3659 laudis
1066 3620 1190 3661 censeret
1209 3612 1259 3662 btt-

165 3691 237 3743 bere.
259 3693 361 3759 placent
373 3696 464 3760 magis‚
480 3695 523 3760 qni
542 3696 638 3759 opinati
651 3703 710 3745 suut
728 3712 771 3746 eas
782 3696 927 3747 comoedias
946 3706 1006 3747 tuuc
1025 3698 1080 3748 siue
1097 3705 1170 3748 certo
1181 3707 1260 3750 anto·

165 3782 200 3831 ris
219 3783 322 3832 nomine
340 3783 447 3848 rugari,
466 3797 571 3849 quarunt
593 3782 695 3834 Plautus
714 3784 842 3850 expolitur
861 3785 946 3848 modo,
964 3801 1015 3835 nou
1033 3787 1153 3836 inventor
1176 3795 1259 3850 esset,

165 3870 233 3936 quod
262 3869 310 3920 sibi
334 3885 385 3920 uon
405 3878 541 3936 usurparet
559 3887 622 3938 quus
643 3888 694 3922 uon
716 3871 838 3932 lecisset,
863 3889 911 3922 trec
929 3874 1011 3923 untnri
1031 3872 1173 3923 ascriberet
1188 3874 1259 3942 qnod

164 3958 251 4008 ieinue
273 3958 426 4023 scripsisset.
452 3959 539 4025 ltaque
565 3974 579 4008 a
597 3959 696 4009 duobus
715 3961 845 4010 autoribus
865 3961 946 4012 crlitas
964 3963 1076 4011 nerrtrius
1094 3978 1192 4015 nornen
1211 3965 1262 4017 ha-

167 4045 264 4108 buisse,
282 4044 349 4112 qnod
369 4045 511 4096 inscribere
531 4061 616 4113 uequc
629 4045 703 4096 alteri
722 4045 836 4112 placeret
855 4064 941 4115 neqne
964 4051 1064 4116 utrique
1077 4047 1179 4102 liceret.
1201 4067 1263 4105 nam

171 4139 219 4188 etsi
239 4145 346 4207 uterque
366 4139 512 4203 ingenium,
531 4154 648 4200 uranum,
667 4140 776 4190 studium
796 4143 940 4207 posuisset,
958 4158 1032 4192 norun
1052 4150 1135 4194 tamen
1158 4144 1267 4207 autore)

167 4225 284 4290 proprius
305 4239 335 4274 ac
355 4240 431 4274 verus
450 4233 527 4275 esset.
565 4227 655 4276 Vtrum
675 4229 779 4289 verius,
799 4229 923 4277 incertum
942 4227 1033 4279 lrabcn.
1083 4229 1263 4303 rtauroquea)

166 4311 238 4361 iocos
257 4310 312 4361 eins
334 4309 477 4361 etlaeetias
494 4319 621 4377 saperent.
659 4313 718 4363 l'urs
737 4313 910 4375 dissentirent,
930 4313 997 4381 qnod
1011 4316 1057 4364 etsi
1069 4315 1267 4380 Plautilrabere

171 4399 307 4465 quicquam
325 4400 424 4464 saporis
442 4397 606 4462 riderentur,
637 4400 708 4450 iocos
736 4381 820 4452 taiucn
839 4400 969 4453 Plautinos
987 4411 1012 4451 et
1032 4402 1138 4454 l'acctias
1159 4406 1267 4475 integre

222 4645 252 4709 5)
271 4650 354 4693 essent
372 4642 435 4694 Cod.
581 4645 612 4713 ὁ)
634 4647 702 4696 llere
720 4664 827 4697 romane
845 4647 905 4697 Cod.
1049 4647 1076 4714 7)
1093 4657 1178 4701 morto
1200 4653 1268 4705 Cod.

225 4729 254 4800 8)
273 4737 364 4782 autore
382 4733 448 4784 con
581 4732 610 4801 9)
629 4731 765 4785 Offenbure
777 4734 864 4785 Lrlclte
883 4735 945 4787 oder
962 4737 1132 4805 Versetzung.
